2878 4734
486 275 697 338 „31..

50 465 152 528 ποτ’
166 464 222 528 οίιν
243 465 400 530 διάκεται
421 464 462 528 τά
483 467 566 528 οπά-
617 460 659 543 ΙΙ,
676 461 736 528 115
759 481 789 547 p.
806 463 869 526 239
891 460 925 527 P.
949 463 978 526 τί
999 461 1074 526 ποτ’
1097 462 1153 528 οὖν

19 595 53 632 α
112 570 172 633 καί
202 569 378 656 πολυτελῆ
411 569 471 657 πρὸ
501 574 567 632 τῶν
617 566 760 630 διώκετε
780 565 821 628 τά
840 571 962 631 σπάνια
980 567 1153 633 καίπολυ-

16 701 23 730 ι
85 679 193 762 μέσῳ
224 675 371 739 καὶτῶν
398 674 565 757 εὐτελιίννς
617 673 702 756 τελῆ
729 671 790 760 πρὸ
817 677 883 736 τῶν
909 672 945 738 ἐν
977 675 1071 760 μέσῳ
1103 673 1154 738 καὶ

15 804 58 844 τι
123 785 299 866 ἀγνοεῖται
333 781 371 845 τά
405 781 485 845 καλά
519 779 567 847 καί
616 783 682 842 τῶν
718 776 884 861 setthim
921 780 970 843 ὅτι
1003 781 1154 864 ἀγνοεῖτε

15 888 144 972 ἀγαθά
171 887 226 952 καί
258 886 333 950 ἀντί
362 891 429 949 τῶν
461 887 566 950 ὄντων
617 883 648 947 ti
682 885 771 955 ὄντως
802 884 892 948 καλὸν
924 886 970 950 καὶ
1002 886 1034 950 τὸ
1065 887 1154 957 ὄντως

14 995 42 1056 ἀ
116 994 284 1057 δοκοῦντα
331 992 567 1063 σπουδάζεται
618 990 726 1074 ἀγαθὸν
759 991 815 1054 καί
847 990 920 1056 ἀντὶ
950 997 1016 1055 τῶν
1047 991 1153 1056 ὄντων

17 1100 119 1187 αρά
141 1106 212 1169 τοῖς
234 1101 403 1184 ἀνοήτοις·
420 1097 515 1185 ὥσπερ
529 1097 565 1182 δὴ
617 1097 658 1160 τοί
679 1097 845 1160 δοκοῦντα
858 1097 948 1185 παρά
961 1103 1032 1168 τοῖς
1050 1099 1152 1184 ἀνοίμ-

13 1206 58 1267 οιὶ
119 1205 146 1268 οί
189 1207 385 1287 μαινόμενοι
428 1202 566 1274 πολλάκις
616 1224 682 1273 τοις
703 1203 933 1278 σπουδάζετε,
957 1201 986 1266 οἳ
1006 1210 1077 1274 τοῖς
1098 1226 1152 1287 με·

13 1311 136 1374 ,ευκά
162 1312 202 1373 τά
228 1309 362 1393 μέλανα
395 1309 563 1392 νομίζουσιν.
617 1312 762 1393 μηνάσιν
798 1305 842 1372 ἐπ’
876 1311 944 1394 ἴσης
977 1309 1014 1372 τά
1047 1309 1153 1374 λευκά

12 1436 108 1480 ’,νοια
130 1413 162 1479 δὲ
184 1415 285 1498 μανίας
306 1416 530 1498 συγγενέστατον.
617 1413 658 1484 ὡς
679 1415 812 1498 μέλανα
834 1419 1035 1502 φαντάζονται.

116 1535 222 1603 Rebus
245 1535 387 1602 venereis
409 1533 490 1601 Mus.
513 1540 600 1602 vetet
614 1537 658 1602 uti
674 1536 734 1602 nisi
749 1538 782 1602 in
798 1537 997 1603 matrimonio
1013 1534 1112 1619 (δῖοί).
1129 1532 1153 1616 Ι,

11 1642 91 1705 154
108 1639 155 1705 tit.
172 1639 202 1719 6,
214 1639 253 1701 61
268 1635 366 1703 Olem.
382 1636 419 1720 II,
435 1657 461 1704 ο.
480 1637 544 1722 10).
568 1637 636 1705 Ηοο
652 1638 758 1725 utique
772 1639 946 1707 ineundum
960 1645 1023 1706 est:
1148 1697 1151 1702 .

11 1745 107 1810 ilus.
134 1791 141 1806 .
165 1791 172 1804 .
195 1742 347 1824 νομοθέται
370 1790 377 1805 .
402 1791 409 1806 .
434 1791 442 1804 .
465 1749 567 1814 πάντες
590 1739 594 1826 Ι
616 1741 655 1824 Π,
678 1744 809 1808 95121
836 1742 871 1810 Ρ.
893 1743 1069 1829 πληθιίνεσ
1095 1742 1153 1805 θαι

10 1849 251 1936 συμφορώτατον
284 1845 334 1930 μὲν
366 1854 428 1918 ταῖς
453 1849 566 1912 πολεσιν
616 1849 669 1935 γάρ
714 1848 743 1934 (ὁ
778 1848 884 1936 κύριος)
928 1849 1058 1934 βοίιλεται
1101 1848 1152 1932 τ’ρν

10 1955 160 2035 ἐνόμισαν
180 1952 213 2015 τὸ
236 1953 476 2038 πληθύνεσθαι
500 1953 567 2026 τοὺς
617 1952 835 2040 ἀνθραιιιότητα,
856 1955 896 2019 83
911 1955 1028 2040 viperei
1050 1953 1153 2024 παντὸς

10 2065 84 2121 τῶν
112 2041 234 2120 πολιτῶν
256 2059 358 2129 οἴκους.
404 2057 564 2141 8101111,
616 2059 782 2144 διαμονῆς
823 2078 920 2126 eausa
953 2059 1045 2125 liberi
1080 2064 1153 2125 suni

9 2166 79 2241 74,
102 2159 155 2242 ΙΠ,
178 2165 198 2225 5
221 2161 252 2226 οὐ
273 2166 327 2252 γάρ
354 2165 388 2226 ἀν
414 2163 565 2246 διαμένοι
616 2162 812 2249 procreandi.

8 2287 129 2350 genus
151 2265 321 2334 humanum
345 2274 404 2335 ete.
449 2265 506 2334 Est
527 2273 632 2333 eutem
660 2267 893 2332 matrimonium
922 2265 981 2350 βίου
1006 2266 1054 2329 καί
1074 2268 1151 2350 γενέ-

9 2393 103 2441 σεως
125 2372 229 2434 παίδων
251 2374 379 2436 κοινωνίά
402 2371 501 2458 (Stob.
525 2369 577 2452 ΙΠ,
600 2371 642 2434 26
665 2369 704 2436 cf.
728 2369 826 2436 Glem.
850 2368 887 2453 ΙΙ,
911 2371 951 2434 83
974 2390 1004 2456 p.
1020 2372 1085 2436 220
1100 2369 1150 2455 Ρ.)

10 2475 138 2560 Itaque
161 2477 298 2543 maxime
319 2484 455 2564 peceant
476 2495 556 2560 quae
572 2479 742 2559 conceptae
757 2471 925 2539 liberorum
942 2492 1015 2559 npes
1029 2473 1151 2540 elidunt

12 2579 60 2663 (l.
85 2578 107 2643 l.
131 2597 160 2664 p.
186 2582 236 2646 74.
261 2580 322 2644 129
345 2578 392 2647 01.
414 2577 452 2661 11,
476 2577 542 2661 96).
579 2573 691 2641 Libido
714 2575 797 2641 enim
814 2575 1010 2662 propagandi
1026 2578 1150 2661 generis
1184 2609 1190 2618 ·

15 2688 126 2748 eau'se
146 2679 264 2747 homini
289 2682 364 2748 deta
386 2687 442 2748 est.

16 2785 123 2852 Mus„
137 2834 144 2849 .
157 2787 193 2849 τά
205 2785 236 2850 δέ
246 2809 278 2871 γε
288 2787 395 2874 ἡδονὴν
406 2788 564 2876 θηρώμενα
615 2779 713 2850 Glem.
728 2781 767 2864 ΙΙ,
780 2784 821 2847 92
832 2801 862 2868 p.
874 2785 938 2848 255
950 2783 984 2852 Ρ.
1005 2785 1076 2872 ψιλὴ
1097 2787 1150 2875 γάρ

19 2890 115 2976 ψιλὴν
141 2891 223 2955 ἄδικα
247 2893 295 2956 καί
319 2899 484 2982 παράνομα,
510 2894 563 2954 κάν
613 2885 713 2972 ἡδονὴ,
732 2890 785 2950 κάν
805 2887 835 2950 ἐν
849 2892 932 2974 ράμιρ
954 2891 1149 2978 πάραληρθῇ,

19 2995 56 3058 ἐν
71 3000 154 3082 ράμιρ
170 2999 191 3080 ἦ
207 2994 230 3078 Ι,
247 3001 308 3062 155
324 2997 446 3076 Quanto
462 2995 563 3079 magis
613 2995 776 3080 παράνομός
808 2993 866 3056 ἐστι
898 2994 946 3056 καί
978 2996 1072 3068 ἄδικος
1104 2997 1150 3061 καὶ

20 3099 268 3186 improbandum
291 3109 340 3167 est
360 3100 562 3181 adulterium
615 3099 727 3182 ἀλοῑοα
751 3096 885 3164 Student
899 3099 1032 3167 arbitros
1049 3103 1148 3186 stupri

24 3201 111 3286 quod
133 3203 184 3287 qui
206 3209 397 3288 perpetrant,
416 3203 563 3270 tenebras
614 3221 775 3270 removere
798 3200 969 3287 oculosque
989 3203 1149 3270 hominum

25 3310 181 3390 quaerunt
195 3305 256 3391 ipsi
268 3306 396 3374 sceleris
411 3305 469 3373 sibi
486 3325 561 3371 οοιι-
613 3307 729 3390 fugere.
741 3307 851 3369 καίτοι
865 3310 901 3369 τό
915 3329 950 3391 γε
965 3309 1149 3396 πειρᾶσθαι

26 3409 98 3474 soii:
123 3411 232 3473 καίτοι
258 3411 295 3472 τό
321 3426 356 3494 γε
381 3411 563 3499 πειρᾶσθαι
613 3411 817 3487 λανθάνειν,
854 3409 971 3498 ἐφόίς
1006 3420 1149 3502 πράττει

26 3513 226 3591 λανθάνειν,
261 3513 318 3602 ἐρ’
343 3516 392 3586 οίς
420 3522 561 3604 πράττει
612 3538 675 3592 τις,
711 3517 962 3601 ὁμολοῑοῦντος
995 3521 1147 3608 ἀμαρτά-

25 3640 88 3696 τις,
115 3621 318 3706 ὁμολογοῦντος
350 3623 560 3710 ἀμάρτάνειν
613 3645 680 3686 νειν
706 3621 805 3686 ἐστίν.
833 3633 897 3694 πᾶς
923 3622 958 3687 δὲ
980 3625 1016 3695 ὃς
1038 3627 1147 3714 ἀμαρ-

27 3723 105 3787 ἐστί.
136 3724 326 3812 ιεεροαάοοί
352 3723 480 3810 aliquis=
508 3727 560 3811 qui
612 3734 717 3805 τάνει,
745 3728 800 3792 καί
826 3727 934 3794 ἀδικεῖ
960 3729 1064 3800 εὐθὺς
1096 3731 1148 3817 οὐχ

28 3835 187 3900 meretrice
206 3834 310 3914 utitur,
335 3835 364 3900 is
383 3834 460 3900 nulli
481 3836 561 3906 ¹iecit
612 3834 703 3905 σίτοις
727 3833 775 3897 τὸν
801 3834 920 3912 πέλας,
954 3838 989 3899 δν
1018 3837 1146 3922 μοιχεὺιρ,

26 3936 177 4002 iniuriam.
231 3934 287 4021 ἐμίν
330 3937 361 4001 δὲ
405 3939 464 4026 ἔχοι
508 3939 559 4024 μὲν
612 3939 653 4009 ὡς
674 3939 782 4015 ἑαυτόν,
806 3942 845 4004 ὅτι
860 3943 1051 4028 μεμοίχεοκεν,
1068 3942 1148 4006 ἀλλά

28 4039 114 4122 λέγειν
150 4039 190 4110 ὡς
225 4052 288 4113 πᾶς
325 4045 417 4114 ὅστις
451 4047 558 4134 ἁμαρ·
611 4050 746 4116 πάντως
774 4045 875 4109 αὑτὸν
897 4048 1035 4135 χείρονα
1063 4050 1146 4112 ἀπο-

29 4152 127 4221 τάνει,
161 4146 216 4209 καί
247 4147 353 4213 ἀδικεῖ
386 4149 501 4226 εὐθύς,
536 4152 559 4214 εί
612 4151 723 4238 φαίνει
745 4151 800 4215 καί
822 4155 1031 4241 ἀτιμότερον·
1055 4154 1146 4243 ὁράρ
