2878 4734
511 299 703 359 ..5-

37 486 211 570 propatulo
234 492 291 568 est,
318 485 351 550 id
381 485 473 569 qnod,
503 486 562 551 nisi
592 506 631 551 ex
658 484 764 550 Stoico
799 483 996 550 Clementem
1032 483 1176 550 hausisse

37 596 229 672 statuamus,
254 589 338 655 nullo
367 593 461 673 paeto
492 587 643 673 explicari
670 591 799 672 protest.
846 585 971 654 Obiciat
1006 587 1082 652 mihi
1118 587 1176 653 ali-

39 694 126 776 quis:
151 691 254 769 Quid?
276 691 349 779 lpse
376 691 522 758 Clemens
546 712 651 758 nonne
680 693 781 758 stoica
808 690 1008 777 philosophia
1037 690 1178 757 imbutus

39 794 133 862 erat?
158 795 221 861 Cur
244 797 322 861 haec
352 797 415 861 non
444 816 483 861 err
511 796 610 881 ipsius
637 795 765 876 ingenio
793 802 869 862 nata
898 802 929 861 et
955 795 1081 882 prolata
1109 814 1179 861 esse

38 898 200 985 possunt?
240 897 398 965 Didicisse
435 898 630 964 Clementem
672 899 804 966 stoicam
842 897 1075 985 philosophiam
1115 918 1179 964 non

39 1022 143 1084 nego;
165 1001 243 1067 illud
267 1022 348 1084 nego
372 1007 465 1086 atque
487 1001 521 1066 id
544 1003 630 1068 nisus
652 1002 752 1087 ipsius
775 1002 900 1088 scriptis
924 1023 996 1067 eum
1019 1021 1118 1085 usque
1141 1021 1179 1067 eo

39 1105 207 1170 imbibisse
230 1105 373 1170 intimam
398 1104 479 1170 hanc
502 1104 735 1191 philosophiam
759 1106 858 1171 etita
885 1106 914 1171 ei
942 1125 977 1172 se
1005 1103 1177 1186 addixisse,

40 1217 78 1274 ut
99 1217 191 1274 tanta
205 1210 384 1274 constantia
399 1209 438 1274 ab
455 1229 517 1275 uuo
532 1209 704 1274 stoicorum
721 1209 876 1294 principio
893 1207 934 1274 ad
950 1207 1178 1274 minutissimas

41 1333 94 1376 res
130 1310 348 1378 descenderet.
393 1309 432 1376 Id
465 1311 524 1378 nisi
558 1330 578 1377 a
610 1312 752 1398 perfecto
787 1311 893 1378 Stoico
926 1311 1081 1396 praestari
1114 1329 1178 1376 non

42 1423 182 1499 poterat,
205 1413 321 1480 nedum
345 1414 385 1480 ab
409 1434 446 1480 eo
470 1415 632 1500 scriptore,
656 1415 709 1498 qui
737 1413 815 1480 nihil
843 1415 947 1480 minus
977 1433 1072 1498 quam
1100 1433 1178 1480 con·

43 1519 197 1584 stantiam
220 1524 252 1582 et
272 1519 516 1602 perpetuitatem
540 1525 645 1584 certae
668 1519 797 1585 rationis
821 1518 910 1602 sequi
933 1517 1023 1584 solet.

132 1619 266 1686 Accedit
277 1619 361 1703 quod
372 1620 468 1704 plane
481 1621 638 1702 cornaria
649 1626 722 1687 sunt
733 1619 814 1687 haec
826 1622 945 1688 stoicae
958 1617 1178 1705 philosophiae

43 1725 177 1790 decreta
199 1730 230 1790 et
252 1723 396 1789 doctrina
428 1722 607 1806 christiana,
635 1743 715 1808 quae
742 1731 790 1790 est
813 1729 846 1791 et
867 1725 967 1810 ipsius
995 1721 1178 1804 Clementis

43 1835 199 1912 quatenus
215 1847 255 1892 ex
270 1847 326 1892 suo
350 1827 487 1908 ingenio,
511 1846 573 1893 non
590 1847 630 1892 err
645 1826 778 1893 aliorum
793 1827 882 1894 libris
897 1826 1010 1892 haurit.
1046 1824 1105 1890 llic
1121 1844 1178 1910 op-

43 1935 172 2014 ponitur
186 1949 284 2014 prava
300 1929 435 1996 hominis
451 1939 564 1996 natura
578 1931 684 1996 virtuti
696 1932 745 1996 vel
759 1931 864 2014 saluti,
874 1941 958 2014 ¹quae
969 1935 1098 2015 paratur
1110 1929 1180 2012 ipsa

43 2041 160 2100 natura
171 2052 324 2118 oppressa
340 2042 371 2098 et
386 2034 548 2099 restincta.
588 2033 769 2099 Secundum
786 2035 918 2100 stoicam
936 2033 1178 2099 rescrationem

45 2156 137 2202 suam
153 2137 283 2220 quisque
300 2144 426 2203 secutus
442 2141 588 2203 naturam
601 2138 685 2203 haud
698 2138 843 2204 vitiosam
856 2136 935 2220 (Cic.
949 2134 1052 2200 deoff.
1067 2133 1090 2214 l,
1108 2134 1178 2196 120.

46 2240 123 2322 110)
146 2240 290 2324 pervenit
313 2239 354 2305 ad
377 2241 534 2306 virtutem.
568 2240 618 2306 Ab
641 2241 741 2306 altera
764 2245 856 2325 parte
872 2238 971 2305 habes
988 2237 1178 2303 dualismum

46 2362 139 2425 quem
156 2349 280 2424 uocant,
304 2342 344 2407 ab
360 2342 462 2408 altera
484 2344 714 2426 monismum.¹)
748 2341 822 2408 dam
846 2342 993 2408 Clemens
1015 2348 1180 2423 utramque¹

47 2447 202 2511 rationem
236 2445 314 2510 miro
342 2444 436 2511 modo
463 2447 598 2513 miscuit.
644 2445 702 2513 Est
729 2446 818 2530 quasi
852 2445 960 2530 biceps
987 2443 1093 2526 lanus,
1128 2443 1180 2526 qui

47 2550 192 2614 incautos
227 2547 344 2633 duplici
377 2548 459 2614 facie
492 2549 602 2614 fallere
639 2549 739 2615 solet..
786 2547 850 2614 Sed
887 2567 949 2632 qua
981 2546 1110 2613 tandem
1144 2565 1180 2610 re

46 2657 223 2716 commotus
245 2655 303 2732 est,
328 2656 447 2716 uttam
471 2651 630 2717 contraria
652 2657 684 2717 et
706 2651 838 2717 diversis
861 2650 1016 2717 frontibus
1041 2649 1100 2715 sibi
1123 2649 1179 2716 ob·

47 2755 167 2820 stantia
189 2753 358 2819 conciliare
380 2753 520 2818 animum
542 2751 726 2820 induceret?
752 2753 884 2837 Stoicus,
911 2755 1051 2837 inquam,
1072 2758 1182 2818 auctor

50 2857 77 2921 ei
102 2856 236 2922 idoneus
257 2857 343 2922 risus
366 2862 423 2938 est,
447 2876 540 2940 quem
564 2857 765 2923 exscriberet
811 2856 860 2922 Ab
876 2855 936 2923 hoc
958 2863 1059 2923 totam
1078 2862 1180 2922 mate-

47 2961 128 3025 riam
153 2959 337 3046 depromsit,
360 2958 433 3024 huic
455 2979 617 3026 sacrorum
645 2959 796 3026 librorum
824 2961 1009 3026 memoriam
1039 2959 1182 3026 adiunxit

46 3062 261 3145 formulasque
284 3061 472 3129 christianas
496 3064 641 3148 aspersit.

137 3164 347 3230 Confirmatur
370 3185 442 3232 vero
470 3166 544 3231 iudo
571 3165 650 3232 haec
677 3168 844 3248 sententia,
879 3166 963 3251 qnod
995 3166 1089 3233 facile
1123 3173 1181 3250 est,

49 3269 148 3354 ipsius
172 3267 343 3334 Clementis
366 3267 591 3334 additamentis
614 3271 744 3336 resectis
760 3271 916 3351 integrum
934 3269 1073 3335 Stoicum
1090 3271 1181 3335 resti·

51 3378 150 3438 tuere.
196 3365 304 3438 Multis
326 3371 405 3438 locis
427 3372 506 3437 nihil
528 3371 734 3455 desideratur,
758 3374 785 3438 si
808 3393 847 3438 ea
870 3393 1015 3458 quaeex
1039 3373 1183 3439 doctrina

50 3475 223 3540 christiana
245 3481 370 3560 sumpta
393 3479 475 3556 sunt,
499 3495 734 3556 removeamns3
765 3477 840 3559 quin
868 3477 966 3542 etiam
1000 3477 1070 3542 aliis
1104 3476 1182 3541 locis

49 3577 149 3642 multo
173 3577 285 3642 melius
308 3576 451 3662 procedit
473 3579 620 3643 universa
643 3577 813 3662 disputatio
836 3564 930 3662 atque
953 3578 1182 3660 argumentatio

49 3679 183 3746 seclusis
205 3678 499 3764 interpolationibus
515 3678 696 3747 Clementis.
732 3678 835 3757 Quid?
858 3681 943 3765 quod
964 3680 1106 3747 nonnulli
1121 3680 1182 3746 loci

49 3786 94 3849 sic
117 3782 246 3848 domum
268 3781 549 3868 intelleguntur?²)

139 4036 159 4104 ¹)
178 4037 241 4090 Hoc
260 4037 314 4091 iam
332 4037 419 4092 sensit
437 4037 515 4092 utem
533 4039 560 4092 iu
579 4039 688 4107 egregio
706 4039 786 4105 libro,
809 4040 854 4093 cni
878 4038 973 4112 titulus
998 4042 1041 4092 est
1059 4039 1118 4104 „Cl
1137 4039 1183 4094 Al.

48 4127 76 4180 in
96 4124 189 4178 seiner
208 4122 415 4192 Abhdngigkeit
427 4140 480 4179 von
499 4125 546 4178 der
565 4124 756 4193 griechischen
768 4124 964 4195 Philosophie“
980 4124 1095 4194 Leipzig
1110 4125 1185 4179 1879.

137 4209 158 4277 2)
178 4225 203 4264 v.
221 4209 380 4265 Excessum.
