2878 4734
748 247 957 312 „32„.

194 439 198 446 '
294 433 341 498 καὶ
373 435 482 518 μηδένα
513 441 570 501 τῶν
596 436 716 514 πέλας,
745 435 827 504 ἀλλ’
880 439 1095 524 ἁμαρτάνων,
1117 435 1196 524 παρ’
1212 438 1300 500 ὅσον
1316 439 1412 524 ἁμαρ·

171 539 179 552 “
295 538 396 602 αὐτόν
437 562 473 625 γε
516 548 649 614 πάντως
690 545 828 632 χείρονα
878 546 984 618 τάνει,
1007 544 1130 632 χείρων
1150 541 1413 630 καὶάτιμότεμντ

295 647 496 733 ἀποφαίνων
532 647 588 712 καὶ
618 651 825 737 ἀτιμότερον.
879 647 964 718 αὐτὸς
1004 647 1098 724 αὑτοῦ,
1138 653 1255 718 πάντως
1300 646 1335 710 δὲ
1373 649 1411 730 ᾔΙμ

294 752 309 813 ὁ
331 753 394 839 γάρ
416 753 633 840 ἁμαρτάνων,
656 753 730 843 παρ’
749 755 829 819 ὅσον
879 775 931 816 που
945 754 993 817 καὶ
1006 753 1180 818 ἀκολασία
1195 757 1369 842 πμόςεστι
1381 776 1406 814 α

295 858 497 945 ἁμαρτάνει,
525 859 650 948 χείρων
676 860 723 924 καὶ
756 864 827 924 dtr·
879 859 1073 946 η’ττωμένμ
1105 861 1252 947 αἰσχρᾶς
1282 860 1410 944 ἡδονῆς

293 966 446 1051 μότερος.
472 965 518 1030 Ινα
545 964 593 1029 οὖν
620 965 659 1028 ἐᾶν
684 967 744 1051 την
770 967 828 1032 ἀδι-

293 1068 365 1146 κΙαν,
389 1067 458 1131 ἀλλ’
482 1071 670 1134 ἀκολασίαν
695 1089 726 1156 γε
751 1082 829 1136 πᾶσα

294 1176 404 1258 (mviii
438 1197 552 1246 cuttu<
582 1185 753 1265 πρθςέἷναῑ
784 1199 855 1278 ἵψμ

293 1279 481 1366 ἡττωμένῳ
514 1283 659 1370 αἰσχρᾶς
685 1282 827 1367 η’δανῆς.
852 1279 855 1360 Ι

381 1384 428 1450 De
449 1387 648 1453 matrimonio
663 1385 765 1453 Olem.
788 1387 853 1470 egit
869 1389 962 1453 etiem
986 1387 1097 1454 Strom
1111 1385 1141 1452 11
1160 1406 1188 1452 c
1204 1387 1256 1450 23.
1277 1386 1408 1452 Stoicen

294 1495 453 1554 auctorem
488 1488 539 1555 hic
572 1489 612 1555 ab
647 1511 684 1556 eo
718 1491 920 1576 compilatum
956 1511 1026 1558 cese
1059 1497 1208 1576 cpperet,
1237 1489 1264 1556 si
1302 1489 1408 1554 similes

294 1590 437 1658 conteres
464 1590 603 1678 Epicteti
630 1593 859 1678 disputationes
887 1592 909 1676 1,
931 1595 973 1660 23
999 1592 1038 1675 ΙΙ,
1060 1594 1081 1657 4
1107 1591 1145 1674 ΙΙ,
1167 1595 1221 1675 23,
1245 1593 1289 1658 38
1315 1591 1368 1672 ΙΙΙ,
1390 1595 1408 1659 Ι.

294 1694 336 1762 20
362 1700 421 1760 etc.
450 1701 482 1760 et
509 1695 648 1762 Senecae
682 1695 722 1762 de
757 1697 954 1764 matrimonio
986 1696 1071 1768 libri,
1090 1695 1311 1778 fragmentn¹).
1357 1693 1406 1760 Im

293 1815 366 1862 vero
388 1797 531 1880 congruit
552 1797 643 1864 huius
666 1799 778 1883 cepitis
799 1817 869 1865 cum
893 1800 1056 1866 universus
1077 1805 1168 1864 tenor
1189 1805 1256 1863 tum
1272 1798 1407 1880 singulo

294 1900 471 1967 sententies
494 1919 565 1965 cum
587 1898 741 1968 Musonio.
787 1902 906 1968 Similis
933 1901 1059 1986 quidem
1089 1901 1201 1984 legitur
1222 1901 1407 1968 matrimonii

294 2001 433 2069 definitio
457 2005 575 2084 (strom
591 2001 629 2085 ΙΙ,
646 2005 706 2068 137
723 2026 752 2091 p.
769 2007 831 2070 502
847 2005 885 2089 Ρ)
909 2013 941 2072 et
962 2025 1001 2070 ex
1024 2005 1162 2090 corporis
1185 2011 1303 2070 natura
1326 2012 1407 2088 atque

293 2106 486 2173 institutione
522 2106 552 2172 id
579 2109 746 2174 convenire
774 2109 892 2175 homini
919 2107 1096 2174 ostenditur
1125 2108 1203 2190 (139
1229 2127 1260 2191 p.
1292 2107 1357 2171 503
1383 2105 1407 2170 P.

271 2207 372 2276 „Mus
401 2207 487 2294 opud
513 2208 599 2275 Stob.
625 2208 677 2292 ΙΙΙ,
705 2212 752 2292 4).
797 2208 893 2277 Porro
907 2211 1070 2295 'probatur
1098 2216 1246 2294 quantum
1281 2211 1405 2294 patriae.

293 2311 417 2394 generis
439 2311 576 2395 humani,
592 2323 717 2380 noemae
739 2312 848 2379 salutis
870 2313 992 2378 intersit
1014 2312 1246 2376 matrimonium
1270 2311 1406 2378 conuehi

294 2412 332 2480 cf.
356 2413 435 2479 Mus.
458 2414 545 2500 npud
567 2414 653 2482 Stob.
669 2414 725 2500 ΙΙΙ,
740 2437 771 2502 p.
784 2419 813 2481 5.
830 2416 860 2480 6.
882 2414 1034 2482 Maiorem
1058 2414 1184 2498 quidem
1206 2413 1329 2480 nullum
1345 2435 1404 2480 esse

293 2517 465 2582 amicitiam
488 2537 528 2583 eo
549 2537 629 2602 queo
651 2539 723 2585 cum
750 2538 846 2584 uxore
869 2518 1086 2600 coniungetur,
1110 2517 1226 2582 nullum
1250 2517 1403 2582 meliorem

241 2609 246 2624 ”
295 2638 401 2685 curem
430 2640 469 2686 ea
495 2639 589 2704 quam
616 2620 728 2686 mulier
755 2621 943 2706 praesertim
969 2627 1098 2704 aegroto
1120 2625 1260 2708 praestet
1281 2620 1359 2702 (140
1380 2640 1402 2704 p.

294 2723 358 2786 504
378 2721 413 2788 Ρ.
450 2722 528 2790 Mus.
557 2721 641 2807 apud
670 2722 754 2788 Stob.
782 2721 833 2804 ΠΙ,
860 2724 927 2806 26).
973 2721 1108 2807 Uterque
1141 2722 1286 2788 similiter
1318 2722 1402 2804 legis·

294 2825 427 2892 latorum
465 2826 649 2892 auctoritate
686 2825 852 2891 confirmat
888 2825 1075 2890 sententiam
1113 2844 1201 2892 sunm
1237 2835 1270 2890 et
1303 2824 1402 2892 lauder

294 2927 494 2994 concordiam
518 2928 622 2994 mariti
644 2929 810 3012 uxorisque
833 2926 945 3012 (clem.
964 2929 1035 2992 141.
1059 2929 1120 2992 143
1135 2948 1166 3014 p.
1190 2927 1251 2991 105
1274 2925 1308 2991 P.
1332 2926 1400 2992 Mus.

294 3029 378 3116 apud
401 3031 485 3098 Stob.
509 3029 560 3112 ΙΙΙ,
584 3034 625 3096 74
648 3041 678 3098 et
700 3030 765 3116 33).

379 3133 444 3200 Iam
479 3135 594 3200 contuli
629 3133 800 3200 Clementis
834 3139 867 3200 et
901 3132 1035 3200 Musonii
1071 3132 1167 3216 locos,
1201 3152 1327 3215 quorum
1361 3131 1400 3195 vel

382 3389 399 3458 ¹)
419 3391 461 3445 ed.
479 3389 574 3443 Hense
593 3388 645 3443 vol.
664 3388 714 3454 ΙΙΙ,
733 3405 759 3459 p.
777 3389 835 3442 428.
873 3389 900 3442 Is
926 3389 984 3460 ipse
1012 3402 1119 3458 quoque
1146 3391 1241 3442 contre
1266 3385 1399 3457 Epicurum

294 3476 416 3546 disputet
428 3479 443 3539 ς
456 3476 488 3530 45
502 3476 537 3530 cf.
551 3475 634 3530 Olem.
648 3478 738 3530 strom.
752 3475 788 3539 ΙΙ,
801 3475 857 3529 138.
874 3475 951 3528 Idem
964 3479 980 3541 ὅ
992 3475 1038 3530 St:
1055 3473 1140 3540 „nihil
1153 3477 1196 3527 est
1215 3472 1317 3526 foedius
1330 3490 1400 3542 quem

294 3580 405 3618 uxorem
423 3580 513 3618 emere
532 3563 610 3632 quusi
629 3562 788 3621 adulterum.
820 3563 900 3617 Certe
920 3563 964 3632 qui
984 3562 1080 3616 dicunt
1097 3577 1126 3616 se
1145 3576 1228 3616 ceusu
1246 3560 1398 3628 reipublicae

294 3654 322 3703 et
344 3650 451 3718 generis
475 3649 584 3702 humani
606 3647 735 3702 uxoribus
759 3647 835 3716 iungi
857 3652 886 3702 ot
909 3647 1010 3701 liberos
1031 3645 1137 3712 tollere,
1159 3646 1297 3700 imitentur
1312 3647 1399 3700 saltem

294 3736 414 3806 pecudes
433 3742 462 3789 et
479 3739 623 3804 postquem
641 3747 755 3788 uxorum
771 3737 867 3788 venter
878 3733 1043 3798 intumuerit,
1062 3747 1115 3786 non
1127 3732 1243 3802 perdunt
1255 3731 1337 3786 filios“
1354 3739 1398 3786 etc.

294 3824 358 3877 Son.
378 3825 392 3886 5
411 3824 443 3876 06
462 3811 496 3874 de
514 3820 658 3890 Eriphyles
675 3819 829 3890 proditione
854 3825 882 3873 et
904 3820 937 3873 de
955 3818 1021 3873 belli
1038 3819 1149 3872 Troiani
1166 3818 1269 3886 origine
1286 3818 1399 3873 similiter

294 3907 411 3977 loquitur
434 3912 516 3976 etque
539 3905 622 3960 Glcm.
641 3905 721 3976 paed.
739 3905 775 3969 ΙΙ,
792 3906 838 3959 109
856 3922 883 3975 p.
901 3906 951 3960 236
970 3906 1001 3960 Ρ.
1023 3905 1073 3970 ΙΙΙ,
1090 3905 1119 3958 13
1137 3920 1164 3973 p.
1182 3905 1231 3960 259
1246 3903 1275 3958 P.
1292 3903 1335 3958 84:
1361 3906 1398 3970 „in

295 3993 385 4058 cliens
405 4008 489 4044 uxore
512 3991 600 4046 omnis
628 4005 703 4044 umor
733 3990 821 4059 turpis
853 3994 903 4056 est,
935 3991 962 4046 in
994 4007 1044 4044 sue
1070 3990 1194 4046 nimiost
1222 4017 1252 4028 -
1279 3989 1399 4044 Solebnnt

295 4077 403 4130 omnino
425 4078 588 4147 posteriores
613 4075 699 4131 Stoici
721 4076 919 4130 matrimonium
944 4076 1132 4130 commendere
1153 4093 1175 4130 v.
1194 4074 1270 4130 Stob.
1287 4075 1333 4130 ecl.
1352 4077 1397 4130 eth.

295 4179 320 4236 p.
340 4163 372 4214 ct
391 4165 420 4214 et
440 4163 486 4215 109
506 4161 550 4215 W.
570 4161 625 4216 Cic.
645 4161 732 4215 defin
751 4160 802 4224 ΙΙΙ,
821 4161 861 4214 cs.
