2878 4734
716 223 908 283 ..2-

249 433 306 498 per
328 415 428 478 totam
452 412 547 476 vitam
571 409 675 477 studio
698 411 727 475 ei
751 431 786 476 se
809 409 937 476 dedisse
965 417 1097 477 constat.
1143 408 1245 487 Quid?
1292 405 1393 484 Quod

249 515 334 580 idern
364 533 488 580 summa
515 514 701 579 auctoritate
731 513 816 597 apud
843 513 979 596 gentiles
1007 513 1211 598 philosophos
1246 510 1393 590 valebat,

251 619 302 702 qui
337 638 409 682 eum
444 615 616 682 audiebant
650 619 684 681 et
716 614 813 680 libros
848 636 931 698 snos,
960 615 1000 680 de
1028 617 1139 700 quihus
1165 614 1332 694 iudicaret,
1359 613 1394 675 ei

251 719 422 788 tradebant
445 717 534 802 (Eus.
552 717 601 799 VI,
620 719 670 781 18.
689 717 766 800 llll?
800 716 872 802 Ipse
888 717 1081 803 Porphyrius
1104 738 1176 783 cum
1199 717 1305 786 facere
1322 735 1394 780 non

252 823 363 908 possit,
387 821 461 906 quin
484 818 593 886 laudet
615 820 682 885 eius
706 820 881 900 scientiam,
904 819 982 885 illud
999 821 1165 906 vituperat,
1189 820 1273 903 quod
1287 837 1396 903 prave

253 946 324 990 eam
347 923 498 989 adhibeat
520 923 569 989 his
592 941 667 988 usus
690 923 794 988 rerhis
810 922 850 988 de
867 920 1019 1004 Origene:
1047 923 1143 1012 ,ἀνὴρ
1166 925 1239 986 κατὰ
1262 921 1315 1006 μὲν
1338 923 1396 984 τὸν

253 1029 311 1114 βίον
345 1033 513 1116 χριστιανῶς
547 1031 609 1096 ζῶν
644 1025 691 1087 καὶ
725 1029 906 1113 παρανόμως,
943 1030 1017 1090 κατὰ
1050 1027 1082 1091 δὲ
1114 1030 1167 1098 τὰς
1195 1077 1202 1091 .
1228 1077 1235 1090 .
1262 1076 1268 1090 .
1298 1017 1398 1100 δόξας

253 1135 418 1219 ἑλληνίζων
441 1155 472 1196 τε
495 1132 542 1195 καὶ
564 1133 601 1193 τα
619 1131 774 1215 Ἐλλήνων
797 1139 855 1202 τοῖς
878 1133 996 1204 ὀθνείοις
1016 1133 1248 1218 ὑπαβαλλόμενος
1263 1133 1397 1217 pidet&

254 1241 342 1325 (Eus.
366 1237 418 1319 VI,
444 1237 507 1321 19).
552 1235 602 1302 Ex
624 1235 731 1301 fabula
753 1235 793 1300 ah
815 1234 995 1322 Epiphanio
1019 1238 1106 1322 (adv.
1132 1239 1217 1304 haer.
1242 1240 1293 1322 64,
1320 1242 1395 1323 lp.

253 1347 318 1408 524
345 1339 479 1424 Petavii)
508 1344 636 1406 narrata
662 1337 788 1404 videtur
810 1337 900 1404 'effici
928 1338 1098 1423 Origenem
1131 1343 1235 1428 ipsum
1263 1361 1396 1426 quoque

254 1453 386 1512 esterna
408 1445 515 1528 specie
538 1441 681 1508 habitum
696 1441 875 1527 philosophi
891 1463 968 1528 prae
985 1464 1019 1510 se
1034 1445 1153 1513 tulisse.
1187 1443 1236 1511 De
1252 1443 1400 1510 Heracla

255 1548 382 1635 quidem
405 1545 495 1610 huius
518 1563 701 1610 successore
724 1545 943 1626 gravissimum
966 1547 1182 1614 testimonium
1197 1553 1301 1614 exstat
1318 1545 1398 1611 Ori-

255 1653 359 1735 genis:
394 1652 550 1738 „rrpc'repoa
579 1647 659 1730 κοινῇ
684 1647 784 1732 ἐσθῆτι
811 1650 968 1736 χρώμενος,
997 1653 1210 1736 ἀποδασάμενος
1235 1652 1283 1714 καὶ
1306 1653 1398 1738 01λο-

256 1780 345 1843 oopov
370 1754 524 1839 ἀναλαβὼν
548 1761 648 1840 σχῆμα
671 1756 754 1841 μέχρι
775 1760 825 1816 τοῦ
849 1755 930 1842 δεῦρο
960 1765 1040 1845 τηρεῖ
1068 1758 1161 1842 βιβλία
1184 1781 1215 1820 τε
1232 1758 1398 1842 Ἑλλήνων

255 1863 329 1926 κατὰ
351 1863 465 1944 δύναμιν
489 1861 520 1922 αὐ
543 1861 659 1922 παύεται
691 1860 906 1946 panhormum)
935 1860 1034 1945 (apud
1058 1861 1130 1928 Eus.
1156 1863 1206 1944 Vl,
1231 1863 1280 1928 19.
1305 1865 1326 1926 5
1351 1863 1397 1929 cf.

255 1966 332 2032 ihid.
358 1963 408 2048 Vl,
432 1967 461 2031 3.
486 1968 516 2046 1,
540 1983 566 2030 0.
593 1965 644 2045 15,
667 1983 694 2028 0.
718 1961 784 2046 31).

345 2067 601 2135 Consentaneum
633 2067 728 2149 igitur
762 2071 810 2132 est
836 2085 936 2132 novae
964 2066 1126 2132 doctrinae
1153 2079 1297 2134 auctores
1325 2069 1400 2134 t'ere

259 2171 416 2260 proficisci
430 2169 673 2256 aphilosophia3
690 2169 764 2235 hinc
778 2170 866 2236 locos
882 2177 975 2254 atque
991 2177 1177 2253 argumenta
1192 2171 1399 2256 depromunt,

259 2284 325 2340 tnm
349 2274 443 2340 anxie
466 2272 597 2340 student
612 2292 683 2338 cum
700 2272 747 2338 his
762 2272 981 2357 philosophiae
998 2271 1132 2338 decretis
1148 2274 1198 2338 vel
1214 2276 1399 2359 praeceptis

258 2377 355 2442 lihros
379 2395 486 2442 sacros
510 2393 705 2458 quacumque
733 2374 854 2439 ratione
883 2375 1062 2452 conciliare.
1107 2375 1195 2442 llaec
1222 2378 1301 2442 ratio
1327 2378 1399 2442 iam

262 2499 281 2545 a
309 2477 494 2564 Porphyrio,
529 2477 711 2542 acutissimo
745 2477 857 2542 talium
891 2498 996 2543 rerum
1030 2479 1255 2561 existimatore,
1288 2480 1399 2546 verbis

260 2602 341 2666 quae
363 2579 457 2646 modo
481 2579 589 2645 adlata
616 2586 688 2646 sunt
715 2581 748 2644 in
771 2577 900 2662 Origine
927 2586 1053 2646 notatur
1081 2589 1113 2646 et
1139 2601 1177 2646 eo
1210 2583 1312 2664 magis
1346 2593 1401 2648 est

261 2683 411 2768 notanda,
441 2682 524 2767 quod
551 2683 613 2768 ipsi
642 2702 738 2767 saepe
766 2702 833 2748 rem
861 2684 1053 2750 invertentes
1080 2685 1229 2750 simulant
1255 2705 1289 2752 se
1317 2705 1398 2770 pro·
1434 2689 1435 2746 ἶ

261 2789 360 2856 sectos
388 2805 457 2852 esse
485 2805 504 2850 a
531 2785 619 2850 libris
647 2787 756 2866 sacris,
779 2784 853 2850 hine
887 2805 977 2852 suam
1010 2785 1185 2852 doctrinam
1221 2786 1397 2872 derivasse,

262 2897 373 2976 postea
395 2888 523 2954 demum
545 2889 660 2954 mirum
683 2887 750 2954 eins
766 2907 837 2952 cum
853 2887 975 2970 vulgari
988 2889 1188 2976 philosophia
1204 2911 1397 2958 consensum
1434 2937 1435 2946 1

262 2991 533 3058 animadvertisse.
580 2988 676 3056 Cuius
704 2991 751 3056 rei
778 2989 862 3056 haud
889 2993 954 3058 scio
988 3011 1028 3058 an
1062 2993 1181 3058 nullum
1216 2993 1328 3059 melius
1362 3003 1400 3060 et
1434 2977 1435 3064 l

264 3096 419 3177 insignius
431 3095 531 3180 possit
542 3093 675 3160 inveniri
688 3093 870 3180 exemplum
887 3114 980 3180 quam
998 3093 1170 3161 Clementis
1186 3095 1398 3162 Alexandrini

263 3198 481 3281 Paedagogus.
526 3196 714 3262 Proficiscar
741 3215 761 3260 a
788 3196 979 3264 delineando
1013 3199 1157 3264 universo
1192 3200 1321 3266 alterius
1356 3221 1397 3266 ac

262 3302 346 3368 tertii
368 3300 441 3366 libri
456 3337 497 3346 —
513 3319 588 3364 nam
612 3297 651 3363 de
672 3298 774 3384 primo
790 3299 872 3364 inira
887 3320 1027 3366 seorsum
1042 3321 1135 3383 agam
1151 3339 1191 3346 —
1209 3311 1397 3384 argumente

264 3412 296 3471 et
318 3424 338 3470 a
361 3401 578 3470 describendis
602 3402 647 3468 eis
668 3401 841 3488 principiis,
858 3403 969 3486 quihus
985 3405 1161 3470 continetur
1177 3415 1270 3488 atque
1286 3405 1398 3470 nititur

264 3503 827 3592 101010110010011011110ολ01011.
856 3527 873 3572 0
900 3508 980 3572 ratio
1008 3507 1127 3573 homini
1161 3509 1279 3590 innata,
1314 3528 1396 3592 quae
1434 3503 1435 3510 ’

352 3781 370 3851 ¹)
390 3782 433 3836 De
452 3781 551 3836 ceteris
569 3781 657 3836 minos
676 3780 756 3836 claris
774 3781 911 3850 magistris
929 3797 954 3835 v.
969 3779 1104 3834 Gnericlre
1118 3781 1152 3834 de
1164 3780 1260 3836 schola
1272 3781 1394 3838 Alexan-

264 3870 342 3924 drina
369 3868 451 3922 Halis
475 3869 549 3923 1824.
578 3897 610 3907 —
637 3869 747 3936 Quanta
768 3868 849 3923 fuerit
871 3867 1059 3922 Alexandriae
1079 3867 1207 3922 ·conlnsio
1231 3868 1394 3922 christianae

263 3955 404 4024 religionis
428 3959 456 4008 et
477 3950 667 4026 philosophiae
688 3954 836 4023 (Gueriolre
855 3970 882 4023 p.
903 3953 953 4022 11),
973 3953 1035 4006 inde
1054 3953 1155 4025 optime
1180 3959 1302 4024 apparet,
1321 3955 1394 4023 qnod

266 4037 397 4112 Synesius
416 4040 561 4112 episcopus
579 4041 701 4095 redditus
721 4045 772 4106 est,
792 4056 852 4093 cum
870 4044 963 4092 tamen
982 4039 1093 4094 decreta
1110 4039 1250 4110 platonica
1268 4040 1393 4110 religioni

265 4143 352 4181 novae
371 4127 522 4196 praeferret
539 4143 629 4197 neque
647 4127 699 4181 hoc
718 4125 903 4180 dissimularet
920 4124 1022 4191 (Ritter
1039 4125 1056 4178 l.
1074 4124 1092 4179 l.
1110 4142 1136 4195 p.
1158 4125 1226 4194 188).
