2878 4734
496 289 707 352 ..23-

13 498 116 545 caeo
152 478 260 564 capita
293 477 503 566 depromserit
534 477 708 557 nescimus3
741 475 800 542 hoc
826 484 932 542 tamen
955 478 1029 563 ¹ipsa
1055 495 1163 541 eorum

14 580 147 648 ndole
174 581 331 648 versimile
358 582 393 647 lit
418 599 458 648 ea
483 579 609 647 fluxisse
635 601 676 648 ex
702 581 933 646 commentariis
963 599 982 645 a
1009 577 1163 664 discipulo

12 683 178 752 llusonii
201 684 303 752 editis.
349 682 427 750 Cum
449 683 498 750 bis
520 687 628 751 autem
649 683 911 769 disputationibus
934 683 1070 748 Musonii
1085 682 1163 747 miro

11 787 136 854 nodo
157 806 222 853 non
243 787 346 882 solum
368 788 515 854 univorsa
536 785 717 869 Paedagogi
744 785 896 869 doctrina,
922 786 1047 870 qualem
1070 804 1165 870 supra

11 879 199 956 delineari
210 890 356 973 concinit,
372 889 429 957 sed
446 885 646 956 consentiunt
659 888 802 972 singulae
817 891 1078 971 sententiosum
1093 906 1163 953 raro

10 995 108 1079 ipsa
134 993 237 1059 verba
524 997 527 1004 '

129 1093 265 1162 Musunii
287 1115 410 1180 quoque
431 1095 591 1162 decretum
615 1101 664 1161 est
685 1095 903 1178 gravissimum
932 1101 1025 1178 atque
1052 1095 1164 1158 iterum

8 1201 217 1283 iterumque
231 1199 410 1284 repetitum,
423 1199 519 1264 vitam
535 1217 604 1264 esse
620 1195 815 1280 dirigendam
832 1197 1004 1264 secundum
1021 1202 1164 1262 naturam

10 1303 85 1370 vel
112 1301 220 1368 deum.
257 1299 440 1368 Continetur
462 1306 569 1368 autem
591 1310 722 1368 naturae
737 1308 951 1368 consentanea
965 1301 1029 1366 vita
1044 1301 1166 1382 virtute,

12 1405 73 1474 ad
103 1425 199 1489 quam
222 1422 315 1470 omne
337 1403 454 1470 animal
477 1424 566 1470 suam
589 1411 731 1472 naturam
755 1424 888 1488 sequens
911 1403 1007 1470 fertur
1024 1401 1165 1486 (Nisum-

12 1507 143 1589 land¹)
166 1528 197 1593 p.
220 1507 356 1588 9449,
379 1506 418 1572 de
442 1506 540 1573 Clem.
563 1526 658 1594 supra
680 1526 710 1591 p.
734 1508 780 1590 3).
826 1507 924 1572 Recta
946 1507 1010 1572 vita
1031 1526 1111 1590 quae
1126 1507 1168 1572 sit

18 1613 137 1680 docet
160 1609 365 1700 philosophia.
401 1607 491 1676 Unde
513 1608 649 1676 efficitur
671 1611 766 1676 etiam
783 1610 963 1676 mulieribus
980 1630 1048 1676 csse
1064 1609 1165 1695 philo·

19 1712 283 1802 euphemium).
328 1711 428 1791 Quem
450 1713 553 1780 locum
580 1713 723 1779 similiter
749 1723 886 1779 mactant
910 1713 1056 1780 Clemens
1077 1711 1101 1795 l,
1127 1713 1168 1776 10

20 1841 65 1905 p.
96 1817 160 1882 103
179 1815 213 1884 P.
237 1813 446 1892 etMusonius
463 1815 547 1902 apud
564 1815 650 1883 Stob.
668 1816 740 1899 (ecl.
758 1817 821 1883 etb.
838 1837 868 1902 p.
892 1819 955 1881 235
972 1822 1005 1883 et
1027 1817 1091 1880 244
1113 1813 1163 1882 W.

23 1917 167 1988 Peerlk.
189 1938 220 2005 p.
244 1919 435 2002 242-253),
459 1939 647 2006 quamquam
676 1919 822 1988 Clemens
851 1921 1050 1988 brevissimus
1079 1920 1167 2003 ese).

25 2025 166 2091 Doccnt
188 2022 281 2105 igitur
303 2023 437 2088 eandem
457 2043 531 2090 esse
555 2024 610 2089 viri
634 2035 667 2090 et
688 2022 827 2089 mulieris
851 2025 1005 2106 virtutem,
1034 2023 1168 2089 eandem

26 2128 207 2208 rationem,
230 2122 358 2192 eosdem
382 2145 502 2208 sensus,
525 2125 637 2192 eadem
660 2127 865 2210 nutrimenta3
888 2137 1055 2213 propterea
1076 2125 1168 2192 muli·

31 2250 113 2297 eres
148 2247 210 2294 non
243 2228 347 2293 minus
381 2248 473 2312 quam
506 2228 587 2294 viros
624 2227 825 2314 philosophia
860 2249 929 2296 esse
966 2228 1168 2311 imbuendas;

35 2350 235 2420 quamquam
268 2328 394 2397 diversa
425 2331 589 2416 utriusque
618 2349 711 2398 sexus
746 2353 816 2399 esse
843 2331 949 2400 officia
975 2331 1167 2400 conceditur.

34 2433 88 2502 Ut
109 2434 308 2523 ταλασιουργία
336 2432 393 2499 soli
424 2434 556 2517 mulieri,
578 2435 749 2520 γυμναστικὴ
774 2437 839 2502 uiro
863 2437 1009 2502 convenit
1036 2434 1095 2519 (cl.
1118 2434 1169 2518 ΠΙ,

37 2541 87 2606 49
111 2559 144 2626 p.
158 2540 221 2604 283
243 2537 290 2620 P.‚
313 2535 393 2604 llus.
417 2537 502 2623 apud
525 2537 610 2605 Stob.
634 2538 692 2607 ecl.
710 2538 746 2622 ll,
770 2561 801 2626 p.
816 2540 879 2604 238
899 2538 973 2624 ΙΙ).
1010 2538 1075 2604 Iam
1095 2559 1170 2605 vero

42 2643 135 2710 vitas
157 2649 388 2708 consentaneae
410 2647 540 2706 nabutae
562 2642 658 2728 plane
674 2643 810 2710 eandem
832 2644 1001 2726 imaginem
1024 2643 1172 2708 informat

135 2913 155 2979 ¹)
172 2913 201 2967 in
218 2912 284 2968 diss.
300 2911 408 2968 Pssrlk.
426 2911 541 2967 editioni
558 2914 718 2984 praemissa.

132 2999 153 3070 2)
171 2991 252 3054 Esse
273 2997 424 3052 Stoicorum
446 3000 582 3054 sententia
604 3005 655 3056 est.
690 3002 769 3059 Laos.
787 3001 850 3058 inst.
868 3003 920 3068 111,
939 3003 972 3058 25
990 3004 1107 3056 testetur
1125 3017 1171 3056 eos

44 3085 179 3142 statuisse
205 3081 363 3139 mulieribus
390 3100 450 3138 esse
477 3084 731 3156 philosophandum.
766 3087 871 3142 Pariter
893 3103 992 3158 pueros
1015 3091 1043 3142 et
1065 3086 1172 3158 puellas

44 3172 208 3230 educandos
226 3186 287 3225 esse
305 3171 380 3224 zeno
398 3171 509 3241 proprio
526 3169 595 3226 libro
613 3173 745 3240 ostendit;
763 3173 920 3227 Plutarohei
938 3175 972 3227 de
985 3175 1080 3228 eodem
1094 3189 1172 3242 argu·

45 3261 141 3315 mento
163 3255 225 3310 libri
247 3255 402 3324 fragmenta
425 3260 535 3310 exstant
558 3258 587 3311 in
604 3259 647 3312 ed.
666 3258 753 3314 Paris.
771 3258 824 3314 vol.
842 3258 878 3324 V,
896 3261 937 3312 41.
958 3259 992 3314 ei.
1012 3260 1173 3314 etiam-An-

43 3343 175 3400 tisthenis
193 3341 294 3396 dictum
312 3340 385 3410 apud
403 3342 496 3397 Laert
515 3343 566 3412 Vl,
586 3347 617 3397 12
637 3339 736 3414 ἀνδρὸς
758 3343 804 3396 καὶ
825 3345 951 3414 γυναικός
967 3343 982 3408 ἦ
1001 3340 1066 3409 αὐτῆ
1085 3339 1172 3416 ἀρετή,

46 3431 112 3486 Seu.
130 3426 262 3505 disolvi,
283 3429 323 3492 16,
344 3430 365 3481 l.

132 3513 154 3578 ⁸)
172 3513 248 3568 Idem
267 3516 453 3582 argumentum
476 3513 561 3568 multo
586 3515 723 3586 copiosius
746 3515 873 3571 Clemens
895 3521 998 3572 tractat
1019 3521 1104 3572 strom
1122 3517 1173 3594 lv,

47 3601 150 3668 58-63
167 3617 194 3670 p.
212 3599 263 3652 590
280 3595 320 3662 P..
338 3596 409 3667 quod
428 3605 511 3669 caput
530 3600 667 3670 persimile
685 3605 728 3654 est
745 3601 864 3676 liuponii
876 3603 1028 3658 sententiis.
1055 3603 1087 3658 58
1100 3600 1173 3665 κοινῆ

46 3686 103 3760 γὰρ
121 3684 248 3739 ἁπάντων
265 3677 423 3752 ἀνθρώπων
441 3723 446 3736 .
466 3725 474 3740 .
492 3725 498 3738 .
518 3682 532 3748 p‘
551 3684 712 3755 σωφροσύνη
731 3685 1105 3756 disrepantissimum.
1120 3687 1174 3752 W„

48 3775 83 3830 59
104 3769 279 3840 σωφροσύνης
304 3761 354 3822 οὖν
379 3761 550 3840 ἐπιμελητέον
574 3770 621 3824 καὶ
648 3771 813 3836 δικαιοσύνης
838 3772 884 3825 καὶ
909 3775 954 3838 τῆς
980 3773 1057 3837 ἄλλης
1083 3767 1175 3840 ἀρετῆς

50 3857 155 3921 ἁπάσης
171 3853 270 3925 ὁμοίως
287 3851 341 3924 μὲν
356 3853 465 3924 γυναικὶ
482 3855 559 3911 Stob.
579 3857 596 3912 l.
610 3873 633 3912 o.
646 3858 705 3912 237.
717 3858 775 3912 238.
806 3860 847 3912 At
864 3858 974 3912 diversa
990 3859 1042 3912 viri
1064 3874 1096 3912 ac
1118 3875 1174 3911 mu-

49 3943 126 4000 lieris
147 3956 259 3994 munera
280 3942 343 3994 sunt
360 3941 401 3996 bo.
422 3941 456 3995 60
474 3934 551 3996 stab.
569 3942 633 4008 2383
661 3943 703 3998 61.
721 3943 754 3996 62
772 3942 806 3997 de
824 3942 945 3998 mulieris
963 3943 1121 3998 fortitudine
1140 3943 1175 3998 cl.

52 4030 128 4086 Stob.
145 4027 204 4090 237,
222 4025 269 4080 ubi
291 4025 358 4080 item
381 4026 492 4082 alienor
514 4029 686 4082 Amazonum
708 4028 869 4098 exemplum.
904 4027 969 4083 Non
987 4029 1091 4094 dubito,
1110 4029 1174 4097 quin

53 4115 136 4171 Clam.
163 4111 206 4166 hic
237 4111 357 4182 pendeat
383 4128 400 4165 e
426 4112 566 4181 Musoni03
596 4129 757 4184 quamquam
788 4129 805 4166 a
832 4114 969 4183 capitibus
997 4115 1070 4184 apud
1097 4114 1175 4170 Stob.

52 4198 166 4257 servatis
183 4197 272 4265 magis
290 4198 388 4264 differt,
408 4213 488 4267 quam
506 4205 537 4253 ut
554 4199 618 4252 inda
630 4198 755 4276 hausisse
772 4199 858 4254 statui
874 4200 971 4268 possit.
