2878 4734
727 272 939 334 ..12-

270 453 441 541 Comparat
462 455 681 543 philosophum
706 458 830 524 animos
854 466 1016 525 curantem
1042 479 1113 525 cum
1138 458 1274 543 medico,
1299 459 1391 546 philo

269 557 411 645 sophiam
429 579 498 624 oum
518 559 686 645 medicina,
704 563 779 626 uitta
794 582 866 628 cnm
882 561 1078 643 volneribus3
1092 584 1183 647 quam
1199 563 1405 631 collatIonem

270 667 387 744 quanto
410 661 513 728 studio
538 661 634 729 Stoici
658 649 862 747 excoluerint,
878 671 1012 732 testatur
1035 665 1145 732 Cicero
1165 665 1256 732 Tusc.
1280 664 1305 748 1,
1325 669 1368 729 27
1378 669 1407 750 Ι)..

269 761 478 851 Philosophus
494 767 588 849 igitur
604 768 692 851 quasi
708 768 791 833 vitae
807 768 919 832 artifex
936 777 993 848 est,
1006 767 1238 853 philosophiam
1255 769 1405 834 sollemni

269 865 353 953 apud
391 870 580 952 posteriores
618 869 739 935 Stoicos
777 868 961 936 definitione
999 891 1073 937 usus
1110 871 1193 938 vitae
1231 877 1338 938 artem
1378 881 1404 938 et

269 970 431 1035 scientiam
472 993 541 1038 esse
580 972 695 1055 dicio).
752 970 793 1036 Et
830 971 905 1056 quid
942 973 1029 1040 aliud
1066 973 1189 1041 Stoicus
1228 973 1403 1040 Clementis

268 1080 378 1139 auctor
402 1093 439 1139 eo
467 1073 557 1157 libro,
586 1074 674 1142 cuius
702 1075 874 1156 imaginem
902 1081 934 1142 et
961 1074 1093 1142 formam
1124 1097 1163 1142 ex
1186 1075 1285 1143 Paed.
1310 1079 1402 1144 nobis

267 1175 438 1242 informare
461 1183 493 1243 et
515 1176 665 1260 effingere
687 1197 864 1262 possumus,
882 1178 941 1244 sibi
958 1185 1175 1265 proposuerat,
1199 1199 1295 1264 quam
1321 1183 1402 1245 vitae

268 1289 367 1348 artem
396 1301 489 1366 quam
516 1283 754 1350 accuratissime
786 1283 834 1349 ita
867 1281 1057 1367 describere,
1086 1291 1120 1349 ut
1147 1320 1189 1329 -
1216 1303 1280 1366 qua
1308 1285 1343 1348 in
1375 1305 1402 1348 re

267 1385 445 1471 philosophi
467 1407 581 1452 munus
604 1387 723 1454 versari
744 1385 871 1454 Persius
894 1387 939 1452 ait
963 1424 1001 1434 -
1026 1386 1117 1452 daret
1143 1387 1271 1467 ,tenuia
1294 1407 1399 1452 rerum

268 1487 403 1571 officia“,
438 1497 472 1555 ut
504 1497 676 1576 praecepta
711 1495 853 1576 poneret,
888 1509 968 1573 qnae
1002 1489 1043 1555 ad
1081 1490 1189 1555 omnia
1226 1488 1402 1555 cottidiana

268 1594 395 1675 negotia
407 1592 606 1678 vulgarisque
622 1594 704 1659 ritae
720 1592 923 1660 condiciones
938 1593 1145 1678 pertinerent.
1179 1592 1275 1658 Stoici
1295 1600 1400 1659 autem

266 1697 454 1780 praesertim
476 1697 651 1782 posteriore
674 1703 779 1762 aetate
801 1695 886 1762 hunc
909 1715 1055 1781 campum
1071 1697 1105 1761 in
1122 1715 1181 1779 quo
1199 1705 1401 1762 versarentur

268 1800 326 1866 sibi
362 1801 532 1882 elegerunt,
561 1799 592 1864 hi
625 1800 803 1885 praeceptis
833 1800 909 1865 satis
935 1799 1059 1884 pusillis
1093 1798 1208 1865 docere
1242 1799 1400 1878 solebant,

268 1903 424 1988 quomodo
448 1903 498 1969 vel
520 1903 553 1968 in
576 1903 704 1968 minutis
732 1909 765 1968 et
790 1903 911 1970 levibus
939 1901 1032 1968 rebus
1055 1903 1151 1969 virtus
1178 1921 1213 1968 se
1236 1901 1400 1967 exhiberet

267 2015 299 2072 et
332 2004 520 2072 ostenderet.
567 2003 675 2089 Neque
708 2004 837 2071 difficile
871 2006 923 2089 qui
951 2005 1064 2087 legerit
1091 2004 1185 2090 primi
1214 2024 1245 2090 p.
1270 2003 1346 2070 Chr.
1374 2027 1399 2070 n.

267 2109 386 2176 saeculi
424 2109 556 2192 Stoicos
593 2110 706 2175 mirum
744 2128 853 2175 eornm
890 2129 961 2174 cum
1000 2106 1164 2174 Clemente
1205 2107 1254 2173 vel
1294 2109 1399 2192 potius¹

266 2213 334 2278 eius
379 2219 506 2278 auctore
544 2232 731 2278 consensum
772 2220 931 2296 agnoscet.
991 2209 1149 2287 Quantum
1186 2209 1315 2294 quidem
1357 2211 1400 2275 illi

266 2314 339 2380 hnic
373 2317 468 2381 totius
508 2317 589 2381 vitae
627 2314 835 2381 moderationi
874 2314 1025 2380 momenti
1062 2313 1240 2395 tribuerint,
1277 2314 1399 2398 optime

266 2417 402 2503 Epicteti
432 2419 539 2484 multis
564 2418 643 2484 lonis
676 2417 835 2502 probatur.
881 2415 939 2493 Qui
967 2415 1094 2500 quidem
1122 2417 1152 2482 ei
1180 2416 1232 2500 qui
1255 2415 1398 2482 indicare

265 2522 350 2604 velit,
384 2523 466 2588 sitne
502 2541 612 2587 revera
647 2519 862 2606 philosophus,
900 2518 959 2585 hoc
996 2520 1133 2605 imperat
1168 2518 1222 2600 lV,
1268 2520 1299 2599 8,
1337 2521 1397 2584 20:

268 2624 356 2709 βλέπε
383 2632 444 2695 πῶς
470 2625 569 2702 ἐσθίω,
597 2631 658 2694 πῶς
683 2627 763 2701 πίνω,
792 2631 853 2694 πῶς
880 2625 1015 2688 καθεύδω
1043 2672 1050 2686 .
1077 2673 1083 2686 .
1108 2624 1218 2687 ἐκεῖθέν
1242 2645 1278 2707 με
1300 2632 1393 2712 κρῖνον

265 2733 290 2794 εἰ
311 2732 436 2795 δύνασαι.
471 2729 558 2797 Idem
581 2729 632 2815 ΙΙΙ,
650 2731 703 2794 10:
727 2729 858 2807 ἑκάστου,
881 2731 992 2814 inquit,
1015 2731 1164 2814 δόγματος,
1189 2730 1255 2791 ὅταν
1279 2730 1396 2817 ἡχρεία

352 2990 370 3059 ¹)
390 2989 475 3046 Glem.
494 2989 517 3053 Ι,
534 2989 551 3042 3
568 3003 596 3058 p.
614 2988 648 3043 98
666 2989 698 3043 P.
719 2991 734 3042 6
752 3006 778 3059 p.
799 2989 848 3044 100
864 2988 896 3044 P.
913 2992 943 3042 et
964 3004 1013 3058 per
1035 2992 1124 3042 totum
1142 2988 1231 3044 Paed.
1251 2988 1395 3044 simillima

264 3076 399 3146 praebent
417 3075 475 3129 Cic.
493 3073 573 3128 Tusc.
591 3073 634 3128 ΙΙΙ
651 3073 738 3144 praei.
757 3073 821 3129 Son.
839 3073 903 3128 dial.
922 3074 943 3141 Ι,
962 3075 1015 3140 33
1034 3074 1085 3140 ΙΙΙ,
1105 3076 1129 3140 6,
1147 3076 1220 3129 1-3.
1239 3075 1394 3146 2‚1Epiet.

265 3161 301 3221 ΙΙ,
322 3162 362 3224 18,
384 3163 415 3227 9;
440 3161 479 3226 13,
502 3161 547 3226 13,
572 3160 647 3225 15,3
670 3159 720 3226 ΙΙΙ,
745 3161 784 3227 16,
809 3160 840 3214 12
864 3158 915 3225 IV,
936 3161 976 3224 18,
999 3160 1101 3213 37-39
1121 3161 1245 3228 Bernnys
1269 3162 1394 3226 „Lucian

263 3247 319 3300 und
338 3247 382 3300 die
400 3245 542 3315 Kynilrer“
560 3262 587 3315 p.
606 3246 638 3299 92
656 3245 724 3298 Max
741 3247 804 3315 Tyr.
823 3245 888 3300 ‹IIss
906 3247 938 3299 41

350 3331 371 3399 ²)
391 3331 476 3387 (ilem.
495 3331 531 3396 ΙΙ,
549 3331 581 3385 25
597 3349 624 3402 p.
636 3331 682 3386 181
694 3332 727 3386 Ρ.
738 3327 819 3401 τέχνη
836 3330 939 3400 γίνεται
957 3329 1019 3400 περὶ
1037 3329 1083 3382 τὸν
1099 3330 1203 3398 ploret
1220 3336 1310 3386 autea.
1337 3333 1393 3385 Cio.

264 3418 347 3472 I'usc.
366 3416 403 3482 ΙΙ,
416 3417 446 3469 12
461 3415 495 3469 de
508 3415 551 3470 fin.
565 3415 617 3480 ΙΙΙ,
632 3419 648 3469 4
662 3431 723 3482 „ars
741 3421 784 3470 est
802 3416 874 3470 enim
892 3415 958 3486 phil.
972 3416 1061 3470 vitae“
1081 3417 1113 3470 24
1133 3417 1185 3479 IV,
1201 3420 1240 3470 10.
1268 3416 1392 3470 Senecae

263 3502 339 3556 locos
359 3501 472 3570 collegit
494 3502 596 3580 Brolen
619 3501 637 3555 l.
654 3501 672 3556 l.
690 3519 717 3572 p.
737 3503 777 3567 31,
796 3502 844 3572 qni
866 3517 919 3556 non
942 3501 1063 3555 debebat
1085 3503 1212 3556 omittere
1236 3503 1267 3555 Ir.
1292 3502 1341 3566 IX,
1364 3505 1392 3556 17

264 3589 372 3643 Haase:
390 3586 473 3657 „phil
485 3587 552 3641 nihil
563 3587 637 3640 ahud
650 3590 693 3640 est
704 3603 785 3656 quom
799 3592 875 3641 recta
892 3587 1000 3641 vivendi
1019 3587 1089 3640 ratio
1102 3587 1146 3640 uel
1159 3587 1274 3640 honeste
1287 3587 1392 3640 vivendi

264 3675 379 3728 scientia
405 3672 448 3726 rel
471 3688 515 3726 ers
538 3675 632 3726 rectae
656 3672 730 3726 ritae
758 3671 891 3740 agendae.
927 3671 992 3726 Non
1015 3672 1174 3737 errabimus,
1199 3672 1223 3725 si
1247 3672 1391 3726 dixerimus

263 3758 463 3831 philosophiam
481 3773 543 3812 esse
561 3756 651 3826 legem
669 3757 739 3811 bene
757 3758 924 3826 honesteque
943 3757 1054 3812 vivendi
1076 3761 1104 3812 et
1127 3757 1174 3827 qui
1196 3756 1297 3812 dixerit
1319 3757 1391 3810 illam

264 3846 385 3914 regulam
404 3844 484 3910 uitae,
503 3860 580 3898 snum
598 3843 640 3897 illi
657 3859 757 3898 nomen
775 3843 921 3897 reddidtr‘.
956 3842 1031 3897 Pers.
1050 3847 1102 3898 sat.
1113 3844 1150 3908 V,
1167 3844 1210 3898 40.
1230 3843 1286 3898 105.
1301 3843 1390 3896 Muso-

263 3933 325 3986 nius
343 3931 416 4002 apud
434 3931 511 3985 Stob.
530 3930 581 3984 ecl.
600 3930 653 3985 eth
671 3947 698 4000 p.
717 3930 767 3984 337
786 3930 833 3985 W.
851 3930 902 3984 245
921 3929 968 3985 W.
985 3925 1116 3999 ἐπιστήμη
1136 3926 1166 3982 δὲ
1183 3926 1246 3998 περὶ
1263 3929 1323 3998 ῥίον
1341 3924 1391 3997 οὐχ

262 4014 341 4086 ἑτέρα
358 4035 394 4076 τις
411 4014 427 4079 ἢ
444 4015 500 4085 φιλ.
517 4013 574 4070 ἐστὶ
592 4018 645 4070 ete.
663 4016 728 4071 Aet.
746 4015 774 4068 in
787 4015 907 4083 Doxogr.
926 4029 1014 4084 graec.
1034 4015 1076 4068 ed.
1096 4014 1173 4068 Diels
1191 4031 1217 4084 p.
1235 4015 1285 4068 273
1304 4015 1390 4085 Epist.

263 4106 285 4173 I,
305 4104 345 4168 15,
359 4103 379 4155 -2
396 4103 440 4165 τῆς
458 4100 521 4173 περὶ
537 4101 598 4169 βίον
613 4098 707 4170 τέχνης
729 4097 778 4164 ὅλη
797 4099 811 4153 ὁ
827 4100 884 4169 βίος
903 4094 984 4154 αὐτοῦ
1000 4097 1110 4154 ἑκάστου
1128 4101 1170 4164 30,
1191 4101 1222 4154 13
1240 4099 1291 4165 IV,
1310 4102 1332 4166 1,
1349 4101 1389 4154 63.

265 4190 314 4244 118
333 4189 406 4242 Max.
425 4187 487 4256 Tyr.
506 4187 558 4255 IV,
580 4190 590 4240 1
610 4187 689 4254 XXI,
708 4189 775 4242 3-7
795 4187 925 4241 XXXIII
943 4185 996 4240 Dio
1016 4186 1109 4258 Ohrys.
1127 4200 1164 4241 or.
1184 4185 1274 4240 LXX.
