2878 4734
735 271 926 334 ..3-

269 460 333 524 226
355 459 389 524 P.
411 458 464 543 ΙΙΙ,
488 461 528 523 19
551 481 581 545 p.
605 459 668 524 263
691 456 750 542 Ρ.),
779 457 867 523 mimi
896 453 949 538 (ll,
977 457 1018 519 45
1047 476 1078 542 p.
1104 455 1165 519 195
1192 452 1226 520 P.
1251 475 1279 520 v.
1306 455 1427 536 etiam¹

268 559 306 643 ΙΙ,
329 563 371 626 40
393 582 425 647 p.
450 564 511 626 192
535 560 568 628 P.
594 562 634 625 66
656 582 688 647 p.
712 561 776 624 209
798 558 858 642 R).
906 557 1046 624 Stoicum
1069 564 1229 623 auctorem
1253 556 1408 623 omnibns

269 663 317 728 his
349 664 428 729 locis
462 671 615 730 tenemus.
660 662 749 730 Haec
783 663 867 728 enim
901 666 989 727 secta
1014 660 1175 745 perfectae
1202 658 1408 745 reipublicae

268 765 401 833 formam
425 773 457 832 et
479 767 615 848 effigiem
639 767 788 849 effingere
811 765 934 831 solebat
958 783 1017 830 nec
1031 765 1125 850 pauci
1141 762 1237 829 Stoici
1254 763 1406 848 proprios

269 869 309 935 de
332 870 497 955 republica
519 871 712 955 scripserunt
733 868 841 936 libros.

355 970 508 1038 Omnibus
538 971 585 1038 his
613 972 821 1055 argumentisJ
848 970 959 1054 quibus
986 970 1069 1034 inira
1102 967 1166 1034 alia
1198 989 1261 1034 non
1296 968 1405 1034 minus

268 1075 377 1156 gravia
399 1074 526 1158 addam,
549 1075 750 1140 manifestum
773 1072 809 1139 fit
824 1093 864 1138 ex
880 1073 978 1139 stoico
994 1072 1082 1139 fonte
1099 1071 1250 1137 maiorem
1269 1071 1404 1138 alterius

268 1197 306 1243 ac
343 1179 428 1243 tertii
465 1178 538 1244 libri
574 1183 699 1263 partem
734 1175 870 1242 fluxisse.
917 1176 966 1241 Ab
1005 1173 1118 1241 eodem
1156 1193 1229 1240 vero
1248 1173 1251 1179 '
1272 1181 1403 1241 auctore

268 1280 462 1346 Clementem
497 1281 613 1364 ubique
645 1279 786 1366 pendere
817 1278 892 1344 inde
925 1277 1068 1361 efficitur,
1096 1275 1181 1361 quod
1208 1276 1335 1361 eadem,
1365 1258 1429 1343 de*

268 1383 380 1467 quibus
415 1385 546 1469 exposui
580 1404 611 1468 p.
636 1384 655 1447 3
679 1404 736 1467 sq.‚
763 1383 921 1469 principia
953 1382 1049 1448 etiam
1083 1386 1178 1463 atque
1212 1380 1309 1447 etiam
1346 1399 1403 1466 per

266 1493 433 1570 utrumque
454 1486 568 1552 libmm
592 1507 716 1553 summa
731 1487 909 1553 constantia
923 1490 1116 1571 repetuntur.
1152 1482 1295 1565 Accedit,
1314 1483 1399 1567 quod

267 1589 413 1672 universa
428 1590 579 1656 materiae
596 1589 770 1656 secuudum
786 1590 874 1654 varia
890 1589 973 1656 vitae
996 1587 1124 1671 negotia
1145 1592 1177 1652 et
1197 1583 1400 1652 condiciones
1429 1626 1430 1716 p

266 1690 442 1776 dispositio,
466 1712 560 1776 quam
575 1693 644 1777 ipse
660 1690 808 1758 Clemens
831 1712 894 1758 non
918 1689 1118 1773 excogitavit,
1141 1689 1234 1755 unius
1257 1690 1398 1755 auctoris
1429 1721 1430 1762 1

267 1802 384 1860 certum
410 1793 515 1880 prodit
538 1795 714 1860 consilinm.

352 1895 431 1962 dam.
453 1917 593 1963 seorsum
622 1916 716 1979 agam
742 1896 783 1961 de
810 1897 912 1983 primo
935 1896 1025 1962 libro.
1070 1894 1105 1960 ln
1129 1913 1200 1978 quo,
1224 1895 1263 1960 si.
1279 1913 1318 1958 ea
1346 1914 1399 1960 ex-

266 2000 377 2085 cipias,
398 2019 478 2083 quae
501 2000 540 2064 ab
564 2001 633 2085 ipso
653 1998 819 2065 Clemente
841 1998 986 2085 prolecta
1009 2018 1079 2065 esse
1101 2003 1191 2083 patet
1216 2035 1252 2042 -
1279 2003 1311 2061 et
1334 2003 1401 2062 erat
1430 1992 1431 2084 1

265 2123 342 2170 sanc
375 2103 407 2167 in
443 2101 503 2168 hoc
535 2102 616 2169 libro
644 2103 745 2168 maior
772 2103 839 2168 eius
865 2100 1022 2168 industria
1050 2117 1143 2185 quam
1170 2099 1203 2164 in
1233 2098 1334 2165 altero
1364 2120 1400 2165 ac
1430 2087 1431 2122 Ι

265 2208 357 2273 161116
381 2243 421 2252 -
445 2211 551 2271 cetera
574 2205 675 2272 stoica
696 2212 784 2272 sunt:
814 2205 884 2289 ipso
907 2205 1009 2289 primo
1038 2205 1140 2288 capite
1168 2202 1200 2266 in
1227 2200 1401 2268 dividendo

266 2309 375 2374 morali
399 2307 617 2394 philosophiae
639 2314 730 2393 parte
753 2308 911 2374 consentit
940 2326 1012 2372 cum
1035 2303 1206 2371 Posidonio
1235 2304 1288 2387 qui
1317 2312 1399 2371 teste

264 2411 387 2477 Seneca
410 2412 476 2496 (ep.
501 2412 552 2490 95,
569 2405 626 2493 65)
644 2429 727 2491 „non
750 2414 875 2475 tantum
897 2408 1167 2494 praeceptionem,
1185 2406 1400 2491 (διδασκαλικὸς
1431 2441 1432 2446 κ

264 2515 350 2598 λόγος
372 2513 458 2600 apud
480 2511 606 2597 Clem.)‚
635 2511 692 2578 sed
719 2512 815 2577 etiem
842 2512 1022 2579 suasionem
1046 2511 1237 2598 (1616661666)
1262 2520 1295 2578 61
1324 2534 1399 2580 con-

265 2619 453 2685 solationem
499 2616 762 2704 (παραμυθητικός)
808 2622 840 2682 61
876 2615 1128 2683 exhortationem
1172 2617 1399 2706 (προτρεπτικός)

263 2721 476 2788 necessariam
491 2719 631 2785 iudicat“
657 2721 696 2785 61.
720 2719 884 2785 Philonem
901 2718 1104 2786 Larissaeum
1127 2720 1212 2807 apud
1230 2721 1317 2788 Stob.
1335 2723 1395 2788 ecl.

264 2824 325 2890 eth.
349 2845 380 2910 p.
405 2824 445 2886 38
461 2823 498 2888 H.
516 2825 557 2887 39
581 2821 639 2905 11.,
663 2822 775 2889 Zelleri
793 2820 831 2886 H.
848 2820 904 2887 Ph.
921 2820 963 2887 111
987 2826 1017 2907 1,
1033 2824 1098 2887 206
1113 2826 1187 2908 sq.¹)
1204 2823 1398 2892 Sollemnem

351 2977 369 3046 ¹)
388 2976 504 3031 Omnino
523 2975 613 3030 Stoici
630 2975 802 3045 potissimum
820 2975 848 3029 in
865 2976 917 3028 hoc
928 2975 1081 3031 litterarum
1096 2993 1197 3046 genere
1211 2979 1314 3032 versati
1326 2981 1399 3035 sunt.

263 3063 305 3116 De
329 3063 513 3131 hypotheticis
535 3061 644 3117 locutus
668 3066 711 3115 est
733 3062 857 3131 Berneys
880 3061 943 3116 Ber.
962 3061 987 3117 d.
1007 3062 1100 3116 Akad.
1118 3080 1152 3117 au
1169 3063 1264 3118 Berlin
1286 3065 1352 3119 1876
1371 3081 1398 3134 p.

261 3149 319 3202 601.
358 3149 399 3202 De
422 3147 597 3218 protrepticis
621 3147 729 3218 siquis
752 3148 907 3202 accuratius
930 3151 1008 3216 agat,
1036 3164 1135 3218 operae
1162 3150 1279 3219 pretium
1306 3149 1399 3205 166161.

261 3233 399 3287 Hirnelius
412 3234 482 3286 enim
495 3233 523 3286 iu
538 3233 737 3301 antiquioribus
745 3223 1059 3302 tenporibus'subetitit
1077 3233 1255 3300 (Η611661Χ,
1269 3236 1300 3288 61
1316 3238 1397 3304 sqq.).

260 3317 1397 3389 TaleslibrosscripseruntCleanthes‚Aristo,Chrysippus,Persaeus‚Posidonius.

260 3404 341 3457 Hunc
349 3405 520 3474 potissimum
531 3404 596 3472 quin
602 3403 697 3458 Cicero
707 3404 736 3456 in
742 3404 892 3456 Hortensio
904 3408 1015 3457 secutus
1023 3403 1175 3469 fuerit‚non
1186 3405 1289 3458 dubito.
1308 3405 1398 3458 116116

195 3513 215 3538 »ο
260 3489 333 3542 enim
351 3489 379 3542 in
399 3490 457 3543 eius
475 3489 635 3557 fragmentis
653 3489 760 3543 stoicae
775 3489 917 3543 doctrinae
930 3488 1024 3543 insunt
1038 3490 1169 3558 vestigia:
1190 3489 1221 3544 11.
1236 3492 1248 3543 1
1265 3489 1339 3543 6128
1352 3490 1396 3544 66.

260 3574 353 3628 Τ6116.
372 3576 520 3628 166666161
539 3575 718 3643 quaestiones
736 3573 849 3628 multum
868 3574 973 3628 chilla
996 3579 1073 3630 66616
1089 3577 1233 3642 tractatae,
1251 3574 1282 3630 11.
1304 3578 1344 3631 ll.
1364 3577 1395 3630 12

258 3660 407 3713 6666666111
426 3659 579 3714 Stoicorum
597 3659 733 3713 rationem
750 3659 816 3712 mihi
833 3658 910 3728 loqui
927 3659 1037 3714 videtur
1055 3660 1090 3714 de
1108 3659 1224 3727 ratione,
1243 3676 1313 3730 quae
1325 3661 1396 3715 inter

257 3744 378 3813 singulas
401 3745 533 3799 scientias
558 3749 585 3798 et
608 3745 809 3816 philosophiam
832 3745 1099 3812 1616166661,11.41
1120 3745 1222 3800 stoicos
1241 3745 1395 3800 disserendi

257 3831 379 3898 argutias
398 3829 529 3896 defendit,
548 3829 580 3885 11.
591 3831 624 3885 63
642 3830 763 3900 loquitur
781 3831 815 3884 de
833 3831 907 3884 bona
925 3831 1042 3886 hominis
1055 3835 1155 3885 661616
1166 3830 1310 3900 paullatim
1323 3831 1395 3885 male

256 3916 453 3970 consuetudine
472 3917 632 3986 depravata,
652 3917 683 3971 11.
707 3918 809 3970 10-76
834 3920 931 3972 666116
957 3917 1127 3988 voluptatem
1156 3916 1290 3985 disputat.
1326 3917 1392 3971 Cum

228 4019 229 4022 ¹
256 4001 291 4055 11.
303 4003 337 4056 34
350 4001 385 4056 61.
398 4017 483 4055 somn.
497 4002 571 4071 Soip.
586 4003 626 4067 13,
645 4018 704 4056 oum
723 4001 755 4056 11.
768 4004 801 4056 45
822 4002 855 4056 66
875 4003 1115 4068 natdeor.1154,
1135 4017 1197 4056 cum
1216 4002 1248 4056 11.
1267 4003 1301 4056 93
1312 4003 1392 4058 1666.

256 4088 278 4151 I,
300 4087 409 4140 19-21.
445 4087 512 4142 Noli
529 4088 613 4156 igitur
625 4089 737 4142 credere
751 4089 904 4142 Hermcnni
922 4093 951 4142 et
963 4087 1089 4142 Krischii
1107 4086 1267 4155 (Gottinger
1279 4089 1390 4144 Studien

255 4172 291 4238 ΙΙ,
316 4172 374 4238 191)
402 4173 578 4227 coniecturae
605 4173 750 4227 Philonem
778 4173 918 4228 Ciceronis
946 4177 1085 4228 auctorem
1114 4187 1175 4227 esse
1205 4175 1389 4232 statuentium.
