2878 4734
405 275 686 336 ·-17-

18 463 96 547 40),
118 483 212 530 arma
234 463 400 532 cessabant
426 457 507 545 (41),
529 481 594 528 non
617 459 746 528 metalla
766 463 799 526 in
821 461 886 527 ima
907 466 992 528 terra
1014 481 1143 546 quaere·

18 571 133 632 rantur
170 563 266 648 (45)?
310 561 505 648 Quamquam
539 563 632 629 facile
665 563 804 629 concedo
837 564 991 630 Senecam
1024 566 1143 650 impetu

18 668 159 754 {nodam
175 669 341 753 abreptum
356 665 407 732 hic
423 667 523 748 magis
539 664 761 731 declamatorie
777 686 870 749 quam
886 687 994 732 severe
1005 667 1142 733 locutum

18 791 95 839 osse.
144 771 247 837 Reicit
267 770 321 835 ille
344 769 469 854 quidem
493 789 543 855 ep.
559 771 590 852 5,
605 771 625 832 2
641 787 788 853 asperum
804 769 919 834 cultum
936 776 969 836 et
983 771 1143 837 intonsum

17 882 114 960 eaput
136 879 171 939 et
192 873 459 956 neglegentiorem
488 872 614 937 barbam
644 877 676 936 et
701 870 853 936 indictum
881 879 1009 954 argento
1036 872 1142 938 odium

17 984 48 1045 et
65 975 176 1044 cubile
190 975 277 1042 humi
292 975 432 1061 positum
448 973 491 1058 (v.
507 975 603 1040 etiam
618 973 734 1039 Broldn
748 973 769 1039 Ι.
785 975 805 1040 Ι.
821 994 852 1060 p.
870 977 920 1040 13.
937 976 1004 1059 25).
1042 976 1142 1060 Magis

17 1087 113 1165 atque
137 1099 179 1146 ex
200 1077 432 1144 intima·animi
454 1077 612 1143 sententia
638 1075 680 1142 ad
708 1077 884 1163 cynismum
910 1079 1041 1146 inclinat
1067 1078 1142 1164 Epi·

17 1189 136 1266 ctetus,
171 1181 278 1267 quiin
300 1179 410 1267 Cynici
432 1199 579 1266 persona,
606 1179 776 1248 dnmmodo
810 1187 896 1248 recte
930 1203 1059 1249 munere
1086 1203 1142 1249 suo

17 1289 180 1370 fungatur,
202 1285 268 1352 veri
290 1283 468 1370 philosophi
490 1284 662 1366 imaginem
684 1287 896 1352 consummari
914 1292 1006 1372 putat
1027 1286 1143 1370 (Zeller

16 1411 46 1476 p.
73 1386 169 1472 751);
193 1395 225 1454 et
246 1386 330 1453 idem
353 1387 419 1453 fere
442 1391 552 1453 censet
566 1386 625 1453 Dio
642 1385 892 1472 chrysostomus.
938 1389 1028 1456 Patet
1049 1391 1143 1472 igitur

17 1513 113 1580 qnam
137 1496 208 1558 arto
231 1489 355 1557 vinculo
377 1495 507 1574 utraque
530 1489 639 1556 schola
661 1489 694 1554 id
716 1493 830 1558 aetatis
851 1494 1018 1560 coniuncta
1039 1494 1142 1576 inerit,

17 1605 53 1664 ut
80 1594 241 1662 iuvenalis
268 1593 382 1661 acerbe
407 1591 462 1658 ille
489 1591 625 1676 quidem,
653 1591 710 1659 sed
739 1613 802 1661 non
830 1596 897 1662 sine
925 1616 1022 1663 causa
1044 1597 1143 1663 stoica

18 1701 170 1783 dogmata
205 1697 324 1783 cynicis
359 1689 467 1762 tunica¹
502 1694 597 1762 modo
634 1694 752 1762 distare
788 1697 911 1766 dixerit.
965 1698 1032 1765 Iam
1069 1720 1141 1766 vero

19 1803 195 1870 Clementis
217 1806 326 1868 auctor
347 1801 417 1885 ipse
444 1819 576 1883 quoqne,
599 1802 740 1882 quamvis
768 1801 863 1869 homo
890 1804 1142 1887 elegantissimus

19 1929 39 1973 a
72 1905 224 1992 spurcitia
256 1902 463 1986 sordibusque
486 1900 676 1988 Cynicorum
699 1903 820 1971 alienus
847 1907 890 1974 sit
917 1943 957 1954 -
985 1906 1021 1990 Η,
1045 1909 1084 1970 78
1107 1928 1138 1992 p.

19 2013 83 2074 217
107 2008 142 2074 Ρ.
165 2008 298 2090 castigat
323 1995 483 2079 κενοδοξίαν
506 2008 618 2090 κονοιήν
635 2041 686 2087 -,
701 2005 808 2074 multis
830 2008 864 2072 in
886 2010 979 2076 rebus
1002 2010 1141 2094 discipli-

15 2127 95 2177 nam
121 2130 228 2176 eornm
255 2129 294 2175 ac
320 2109 446 2176 vivendi
474 2109 627 2175 rationem
661 2109 784 2194 probat.
834 2110 960 2179 Laudat
990 2111 1140 2195 Diogenis

22 2214 138 2278 dictum
162 2209 369 2296 admonentis,
393 2231 464 2277 cum
491 2213 623 2292 reniret,
651 2211 779 2277 mollem
806 2211 1084 2297 adolescentulum,
1108 2226 1142 2280 nt

20 2318 119 2380 rirnm
142 2316 200 2382 sibi
223 2328 341 2381 emeret
364 2313 429 2400 (ΙΙΙ,
454 2315 493 2378 16
515 2335 548 2400 p.
571 2314 632 2378 261
651 2312 685 2379 P.
701 2336 729 2379 v.
753 2313 854 2380 Zeller
875 2314 912 2398 ΙΙ,
944 2317 982 2382 1³
1004 2317 1080 2401 244)
1110 2325 1141 2384 et

21 2419 154 2486 Cratetis
168 2424 259 2484 notos
275 2438 382 2484 versus
398 2420 430 2484 in
447 2437 536 2484 ruam
552 2437 619 2484 rem
632 2418 786 2484 convertit
801 2416 851 2501 (ΙΙ,
865 2420 905 2484 93
919 2419 1021 2486 Laert.
1037 2419 1087 2502 Vl,
1100 2422 1140 2484 85

20 2523 55 2586 fr.
79 2523 99 2584 2
122 2519 283 2604 Mrdlaoh).
318 2518 384 2586 Noc
406 2520 533 2586 iomuito
556 2520 671 2585 sactum
695 2528 752 2602 est,
776 2520 858 2604 quod
874 2522 938 2588 alia
952 2521 1140 2608 Cynicorum

21 2624 152 2690 dicteria
176 2624 350 2709 persimilis
377 2630 449 2690 sunt
481 2623 647 2689 sententiis
681 2643 760 2706 quae
794 2625 827 2690 in
857 2624 953 2690 Paed.
985 2626 1139 2708 leguntur.

21 2729 176 2812 Diogenes
203 2727 329 2812 quidem
357 2727 456 2810 (Stob.
479 2725 544 2795 flor.
570 2724 663 2809 v1‚5
688 2726 790 2792 Laert.
814 2726 866 2804 Vl,
889 2730 931 2792 54
957 2729 993 2793 ir.
1018 2731 1059 2793 19
1081 2729 1140 2814 M.)

23 2837 89 2922 πρός
114 2854 173 2894 τινα
198 2835 260 2895 νέον
288 2837 422 2920 περιττῶς
448 2831 702 2915 καλλωπιζόμενον
727 2851 734 2866 ·
758 2832 785 2893 εἰ
812 2831 871 2915 μὲν
898 2833 979 2921 πρὸς
1002 2835 1138 2922 ἄνδρας,

23 2944 140 3026 ἀτυχεῖς,
164 2939 246 3013 εἶπεν,
270 2939 300 3000 ei
321 2935 358 3001 δὲ
380 2937 465 3023 πρὸς
488 2945 662 3020 γυναῖκας,
688 2938 797 3007 ἀδικεῖς.
833 2935 921 3003 Idem
944 2937 1064 3020 (Laeti.
1089 2937 1139 3023 Vl,

24 3047 62 3109 39
84 3044 119 3109 fr.
144 3044 204 3106 119
232 3041 302 3126 Μ.),
331 3049 364 3107 ut
391 3039 537 3108 ostendat
563 3041 691 3107 stultum
718 3061 787 3108 esse
815 3050 909 3126 caput
935 3027 1139 3128 nngnentare,

25 3149 75 3211 ἀπὸ
102 3149 154 3231 τῆς
170 3146 311 3232 λεφαλής
337 3145 381 3209 ait
409 3146 448 3214 εἰς
475 3145 522 3207 τὸν
555 3147 626 3232 ἀέρα
657 3148 762 3208 ἀπιέναι
785 3146 816 3208 τὸ
840 3147 940 3232 pipam
969 3164 1006 3210 ac
1028 3146 1139 3213 similis

25 3248 1138 3333 mmmmmmmfflmcwffifflmfflsspffi3

26 3357 56 3421 P.
80 3356 109 3418 τὸ
130 3351 161 3417 δὲ
186 3353 378 3437 καλλώπιοιια
399 3360 452 3438 τῆς
474 3353 638 3428 λειάνσειος,
668 3355 696 3416 ei
723 3352 785 3438 μὲν
811 3353 865 3416 ἐπὶ
892 3351 970 3423 τοὺς
997 3352 1137 3441 ἄνδρας,

26 3461 183 3548 ληλολρίοο,
207 3461 235 3522 εἰ
256 3458 291 3522 δὲ
314 3459 367 3521 ἐπὶ
388 3465 562 3543 γυναῖκας,
586 3466 694 3546 μοιχοῦ,
723 3457 760 3538 ΙΙ,
784 3461 825 3524 70
847 3480 877 3545 p.
901 3461 961 3522 211
986 3457 1020 3522 P.
1044 3461 1138 3523 ἀναδι-

25 3569 124 3650 δούσης
143 3567 195 3653 γὰρ
219 3567 279 3628 ἄνω
301 3564 348 3628 καὶ
375 3565 613 3649 ἀναθομιιομένης
638 3567 712 3628 κατὰ
738 3565 819 3651 φύσιν
846 3570 899 3647 τῆς
925 3563 1043 3634 εὐωδίας
1071 3563 1137 3652 ὑπὲρ

26 3673 76 3756 τὴν
101 3670 228 3759 κεφαλὴν
256 3671 363 3758 ἔρημος
385 3672 439 3754 τῆς
461 3670 647 3741 ἀπολαύσεως
670 3672 689 3755 ἡ
714 3672 848 3753 ἀναπνοή.
883 3668 943 3734 Dio
960 3668 1069 3754 Chrys.
1092 3688 1135 3734 or.¹

28 3777 67 3842 Vl
88 3797 115 3861 p.
137 3777 197 3840 203
222 3774 256 3840 R.
281 3779 387 3840 narrat
414 3793 538 3860 semper
565 3775 658 3842 nudis
685 3774 859 3858 Diogenem
886 3773 982 3837 fuisse
1005 3768 1137 3856 pedibus

28 3881 173 3946 dicentem
196 3898 258 3944 non
280 3877 380 3960 magis
396 3877 569 3960 tegimento
591 3879 724 3965 pedibus
740 3898 834 3962 quam
849 3875 946 3943 oeulis
962 3894 1040 3959 opus
1055 3893 1137 3958 esse,

28 3985 67 4069 μὴ
87 3983 136 4070 reip
158 3981 303 4051 εἶναιτοῖς
326 3982 485 4070 ἀνθρώποις
507 3982 622 4046 δυνατὸν
645 3983 950 4067 concineratione:
971 3979 1008 4040 roi
1023 3979 1137 4062 ὄμματα

29 4091 153 4175 βαδίζειν,
180 4087 275 4175 ὥσπερ
303 4085 368 4156 τοὺς
390 4087 486 4156 πόλις.
531 4086 674 4154 Eandem
703 4087 878 4153 calceorum
906 4104 978 4150 cum
1005 4083 1136 4150 vinculis

30 4192 283 4279 comparationem
308 4191 405 4258 habes
427 4189 511 4276 apud
534 4187 631 4257 clam.
655 4188 691 4272 ΙΙ,
716 4192 796 4272 117,
810 4210 840 4274 p.
856 4189 919 4252 240
941 4188 987 4250 καὶ
1008 4193 1060 4278 γάρ
1076 4210 1136 4258 πως

952 4294 968 4330 ‘)
