2878 4734
721 239 911 299 „4-

254 426 339 513 apud
377 423 574 492 Clementem
611 425 758 490 nomine*
779 423 922 491 diversae
962 425 1024 489 vim
1063 423 1197 489 eandem
1231 423 1390 489 obtinent.

255 528 513 596 Consentaneum
538 535 670 594 naturae
692 531 751 609 est,
775 526 859 610 quod
882 529 1055 593 necessitas
1078 525 1247 609 desiderat,
1275 531 1392 591 contra

254 638 410 714 naturam,
445 631 527 716 quod
562 630 707 716 voluptas
740 629 870 713 flagitem
879 627 900 712 ¹)
945 629 1013 695 Hoc
1046 630 1141 712 igitur
1167 648 1298 716 prorsus
1327 628 1391 692 rei-

255 734 413 818 ciendum,
429 734 508 800 illud
523 732 712 801 sumendum
728 740 783 799 est.
820 731 908 798 Haec
923 733 1019 816 igitur
1033 738 1107 798 sunt
1121 732 1289 818 principia,
1308 752 1392 815 quae

255 840 335 904 mire
362 839 541 904 constantia
569 857 626 923 per
659 836 792 902 alterum
827 843 859 901 et
891 836 1016 901 tertium
1050 836 1165 906 librum
1199 834 1392 901 exhibentur

256 979 297 988 -
320 961 394 1008 nam
417 940 457 1006 de
479 941 581 1026 primo
603 939 684 1006 libro
707 958 847 1006 seorsum
870 958 964 1021 agam
988 976 1026 986 -
1052 949 1084 1005 et
1106 959 1187 1022 quae
1209 937 1297 1004 nullo
1327 959 1391 1004 nou

256 1046 360 1130 capito
382 1045 526 1110 redeunt.
571 1041 623 1108 Ad
646 1042 757 1109 borum
780 1062 924 1109 normam
946 1048 1039 1126 atque
1055 1041 1196 1123 regulam
1212 1040 1392 1106 referuntur

255 1153 287 1213 et
321 1147 497 1230 diriguntur
529 1146 637 1212 omnia
670 1145 832 1211 cotidiana
868 1147 1005 1228 negotia,
1040 1165 1150 1211 omnes
1184 1144 1391 1211 condiciones

256 1251 432 1317 communis
461 1251 554 1316 vitae.
599 1248 687 1316 Haec
722 1257 828 1315 autem
860 1250 1018 1335 principie
1043 1249 1217 1315 Stoicorum
1252 1269 1325 1314 esse
1359 1250 1390 1314 in

344 1403 362 1471 ¹)
381 1403 419 1469 Π,
445 1404 478 1457 10
494 1419 521 1473 p.
542 1404 590 1472 169
615 1404 663 1459 P.:
690 1398 867 1473 παραιτητέον
892 1403 940 1466 τὴν
964 1403 1087 1473 λιχνείαν
1113 1397 1215 1471 ὀλίγων
1240 1404 1323 1454 τινῶν
1345 1401 1392 1454 καί

257 1487 457 1559 ἀναγκαίων
482 1489 736 1560 μεταλαμβάνοντας
760 1492 799 1556 14,
823 1507 849 1560 p.
874 1491 923 1545 173
946 1491 979 1545 Ρ.
999 1491 1033 1546 35
1055 1507 1081 1560 p.
1107 1490 1155 1545 188
1173 1489 1218 1543 P.:
1248 1490 1390 1559 aspernari

257 1579 389 1632 debemus
415 1578 502 1646 κτῆμα
525 1576 574 1640 τὴν
599 1575 722 1646 χρείαν
748 1575 928 1646 δπερβεβηκός
954 1579 984 1630 ot
1010 1577 1102 1635 σκεῦος
1130 1571 1281 1646 ἀχρεῖον,
1310 1563 1338 1627 δ
1353 1575 1390 1645 μὴ

256 1662 323 1734 μετά
340 1663 385 1725 τῆς
403 1657 592 1731 ἀναγκαίας
610 1661 761 1731 χρήσεως
779 1662 825 1715 καί
843 1658 1070 1732 με’τριόνὲστιν,
1082 1663 1115 1716 37
1127 1678 1153 1731 p.
1169 1663 1217 1716 189
1230 1663 1273 1717 P.:
1286 1665 1392 1714 σκευῶν

256 1746 377 1819 μέτρον
393 1748 409 1812 ἦ
427 1747 529 1817 χρεία
550 1748 585 1803 38
607 1765 634 1818 p.
654 1749 704 1801 190
720 1747 765 1804 P.:
785 1743 889 1818 ἀμείνω
908 1745 939 1800 δὲ
955 1747 991 1800 τά
1009 1747 1156 1817 χρὴσιμα
1173 1749 1207 1802 58
1225 1765 1251 1818 p.
1271 1749 1323 1801 203
1342 1750 1388 1802 P.:

257 1836 339 1889 etiam
361 1835 390 1887 in
413 1848 482 1888 voce
505 1833 706 1888 observandum
729 1837 772 1888 est
788 1831 912 1902 μέτρον
930 1874 936 1888 .
956 1875 962 1889 .
982 1875 988 1888 .
1007 1876 1013 1888 .
1031 1833 1060 1886 τὸ
1079 1831 1197 1902 φθέγμα
1213 1833 1242 1885 τὸ
1260 1835 1343 1903 σφῶν
1361 1835 1391 1902 τῇ

258 1919 445 1990 συμμετρίᾳ
466 1917 711 1988 παραμετροάντων
728 1919 758 1972 61
779 1935 805 1987 p.
824 1919 874 1972 205
891 1918 936 1973 P.:
955 1918 1098 1988 στεφάνων
1116 1917 1210 1990 δ’ἡμῖν
1226 1917 1273 1971 καὶ
1294 1919 1392 1990 μύρων

257 2008 353 2076 χρῆσις
375 2000 424 2058 οάκ
447 1999 615 2074 ἀναγκαία
634 2005 666 2060 68
685 2021 711 2073 p.
730 2005 779 2058 209
800 2006 844 2058 P.:
868 2001 938 2073 φέρε
960 1999 1104 2057 κάνταῦθα
1126 2003 1342 2073 διαστειλάμεθα
1363 2005 1392 2058 τδ
1428 2005 1429 2008 ’

257 2090 421 2163 χρειῶδες
440 2088 604 2160 αἱρούμενοι,
623 2091 666 2157 70;
688 2088 727 2148 εἰς
744 2088 789 2148 τάς
812 2084 1003 2159 ἀναγκαίας
1022 2086 1188 2160 ἀφελείας
1205 2090 1236 2142 τά
1255 2089 1328 2155 ἄνθη
1346 2108 1391 2161 γε-

258 2176 368 2248 γονέναι
385 2178 419 2232 76
437 2194 464 2247 p.
484 2177 535 2231 216
553 2175 584 2230 P.
602 2176 636 2230 78
656 2193 682 2246 p.
702 2175 751 2228 217
771 2174 801 2228 Ρ.
820 2175 854 2230 80
871 2193 898 2246 p.
916 2176 968 2230 218
986 2175 1015 2230 P.
1036 2177 1069 2230 90
1087 2193 1115 2246 p.
1133 2177 1185 2230 224
1204 2176 1234 2229 Ρ.
1253 2177 1287 2230 94
1299 2194 1325 2246 p.
1341 2178 1391 2230 226

258 2265 306 2320 Ρ.τ
328 2261 613 2331 1101111οε1συνουσία
632 2259 668 2320 ὥς
691 2256 865 2332 ἀναγκαίῳ
887 2263 1010 2331 χρῆσθαι
1028 2259 1158 2326 ἑκάστοτε,
1180 2263 1227 2315 104
1245 2278 1272 2331 p.
1291 2263 1342 2316 232
1362 2263 1391 2315 Ρ.

261 2351 309 2403 107
328 2366 354 2418 p.
373 2350 424 2402 234
441 2348 472 2402 Ρ.
494 2349 542 2402 108
560 2364 586 2418 p.
605 2348 656 2401 234
677 2346 708 2401 P.
730 2349 779 2401 110
795 2363 822 2417 p.
841 2348 891 2401 236
914 2349 960 2402 R:
977 2349 1021 2410 τῆς
1044 2346 1156 2410 ἐσθῆτος
1178 2347 1206 2399 td
1229 2349 1392 2417 χρειῶδες

259 2431 424 2505 αροκριτέον,
440 2434 488 2486 119
506 2449 532 2502 p.
551 2434 601 2487 242
620 2433 653 2486 P.
666 2433 728 2486 120:
748 2429 867 2486 δέδωκεν
884 2431 898 2485 ὁ
916 2432 981 2492 θεὸς
1000 2428 1051 2485 οἶδ’
1063 2430 1101 2484 ὅτι
1117 2434 1162 2496 τῆς
1183 2432 1304 2503 χρήσεως
1327 2433 1393 2503 ἡμῖν

258 2519 306 2584 τὴν
322 2516 455 2584 ἐξουσίαν,
475 2513 542 2571 ἀλλά
553 2513 639 2588 μέχρι
649 2519 695 2570 τοῦ
714 2513 913 2587 ἀναγκαίου,
934 2520 979 2573 121
995 2536 1021 2588 p.
1035 2520 1084 2574 243
1102 2518 1132 2572 Ρ.
1146 2519 1198 2583 ΙΙΙ,
1216 2521 1270 2589 3p.
1284 2519 1332 2574 251
1348 2520 1390 2574 R:

259 2606 372 2660 reicitur
389 2608 501 2659 ornatus
515 2619 734 2673 supervacaneus
745 2607 841 2675 utpote
862 2600 1069 2674 ἀχρειότὴτος
1087 2603 1162 2673 ἔχων
1180 2602 1302 2676 ἔμφασιν
1319 2607 1352 2659 41
1365 2623 1392 2676 p.

247 2692 310 2746 ’282
329 2691 373 2747 Ρ.;
399 2689 465 2759 ἡμῖν
487 2686 518 2743 δὲ
541 2684 650 2758 ἀπόχρη
668 2687 683 2753 ἡ
702 2690 901 2760 συμμετρία.
936 2687 1025 2760 Atqui
1046 2691 1114 2744 haec
1135 2690 1207 2744 ratio
1226 2691 1392 2758 Cynicorum

261 2781 290 2831 et
307 2777 464 2833 Stoicorum
487 2779 539 2830 est.
567 2774 675 2830 Seneca
698 2775 809 2844 quidem
833 2776 898 2830 dial.
916 2776 967 2842 IX,
987 2777 1011 2841 9,
1031 2777 1047 2829 2
1066 2777 1290 2842 „Adsuescamus
1309 2818 1314 2831 .
1334 2817 1340 2834 .
1360 2819 1366 2831 .
1386 2819 1392 2832 .

260 2879 340 2917 usus
357 2860 479 2932 (χρείαν)
498 2877 594 2926 rerum,
612 2876 667 2915 non
681 2867 841 2916 ornamenta
859 2862 950 2916 metiri
967 2901 974 2915 .
993 2902 1000 2917 .
1019 2901 1025 2915 .
1046 2903 1051 2916 .
1070 2862 1158 2915 libido
1177 2879 1231 2931 que
1248 2878 1392 2918 necesse

262 2953 314 3004 est
331 2948 397 3002 fluat
415 2988 422 3002 .
441 2987 447 3001 .
467 2989 473 3002 .
492 2945 681 3000 desideriis
699 2947 870 3001 naturalibus
887 2963 971 3017 parvo
990 2952 1089 3016 paratu
1106 2947 1228 3002 remedie
1246 2949 1393 3004 adbibere“

261 3039 315 3088 stc.
334 3050 376 3105 ep.
395 3033 449 3099 5‚5
467 3032 525 3088 Cic.
538 3033 572 3086 do
591 3031 635 3085 off.
650 3032 748 3098 1140:
769 3033 883 3098 ,medem
902 3033 1127 3087 mediocritas
1146 3035 1182 3087 ad
1195 3050 1302 3088 omnem
1315 3051 1391 3088 nsum

262 3119 417 3190 cultumque
440 3119 512 3173 vitos
535 3117 679 3172 referenda
701 3121 761 3172 est“
786 3119 829 3188 (oi.
849 3119 914 3173 ibid.
933 3119 955 3184 1,
976 3119 1149 3187 1061156).
1186 3121 1239 3174 Dio
1259 3121 1353 3191 Chrys.
1370 3122 1394 3188 Ι,

261 3223 287 3277 p.
302 3205 430 3260 56111116.
445 3205 491 3259 131
505 3203 539 3257 R.
551 3203 696 3272 σύμπαντα
712 3205 794 3257 ταῦτα
813 3199 939 3272 οὐδεμιᾶς
956 3201 1037 3256 ἕνεκα
1054 3205 1184 3274 χρείας,
1204 3201 1259 3258 ἀλλ’
1274 3205 1393 3270 ἡδονῆς

262 3286 401 3361 ἡυρημίνα
424 3289 550 3359 φαίνεται
573 3291 624 3343 etc.
652 3290 701 3342 160
725 3291 758 3344 D.
781 3291 832 3344 298
855 3292 902 3356 R.;
933 3291 978 3345 101
1005 3289 1038 3342 D.
1061 3291 1111 3346 207
1134 3291 1168 3348 Β.
1191 3291 1257 3344 vilio
1276 3297 1304 3346 et
1323 3309 1392 3361 quae

262 3379 390 3446 prompta
412 3379 477 3430 suut
498 3374 580 3429 docet
600 3375 684 3428 rebus
706 3375 835 3445 pretiosis
857 3377 1037 3446 praeferenda
1059 3393 1130 3444 esse,
1152 3377 1227 3447 quod
1254 3394 1335 3447 saepe
1354 3380 1392 3431 in-

262 3461 387 3517 culcatur
404 3461 477 3532 apud
493 3461 579 3516 Clem.
599 3461 647 3528 (II,
668 3463 714 3516 121
734 3477 760 3532 p.
779 3463 830 3516 213
848 3464 881 3516 P.
904 3463 933 3516 15
952 3481 978 3533 p.
999 3465 1047 3516 174
1066 3465 1109 3530 Ρ.)

349 3538 481 3602 Similiter
506 3546 595 3600 stoico
621 3547 748 3602 doctrina
774 3547 815 3601 eis
841 3551 997 3616 agnoscitur
1023 3549 1101 3614 locis,
1129 3549 1227 3617 quibus
1253 3548 1338 3602 libido
1366 3555 1392 3603 et

262 3633 389 3703 voluptas
406 3633 592 3703 impugnatur:
615 3632 666 3702 ΙΙΙ,
682 3634 716 3688 46
734 3649 760 3703 p.
778 3633 827 3686 281
847 3634 880 3687 Ρ.
899 3632 986 3704 ἄρδην
1002 3632 1050 3698 τὴν
1073 3629 1254 3703 ἀναίσχυντον
1272 3633 1392 3698 ἡδονὴν

262 3716 404 3774 ἐκκοπτέον
426 3718 462 3785 ΙΙ,
485 3719 518 3773 68
540 3735 567 3788 p.
586 3719 636 3772 209
659 3717 704 3772 R:
731 3712 863 3787 οάδεμίαν
887 3719 985 3789 χώραν
1008 3715 1182 3790 ἀπονίμομεν
1200 3719 1300 3790 ἡδονῇ
1327 3721 1392 3791 πρός

263 3801 395 3876 οὐδεμίαν
411 3800 637 3875 συμπεπλεγμένχ
656 3804 803 3868 λυσιτελῆ
824 3807 861 3876 τῷ
882 3806 933 3876 βίῳ
951 3806 1072 3876 χρείαν
1094 3807 1131 3870 11,
1151 3809 1162 3860 1
1183 3824 1210 3876 p.
1231 3808 1278 3861 163
1297 3808 1329 3861 Ρ.
1348 3807 1390 3862 1111.

262 3892 305 3957 33,
323 3894 366 3958 69,
384 3893 425 3958 77,
444 3892 485 3956 86,
503 3891 537 3944 92
555 3908 583 3961 p.
601 3891 651 3945 225
666 3892 712 3947 P.:
730 3890 795 3960 ψιλὴ
813 3890 868 3962 γάρ
891 3890 988 3955 ἡδονὴ
1011 3932 1017 3946 .
1037 3932 1044 3947 .
1063 3933 1069 3946 .
1093 3892 1250 3964 παράνομός
1272 3891 1326 3946 ἐστι
1346 3895 1392 3946 καὶ

264 3976 354 4037 ἄδικος
380 3976 427 4030 καί
454 3975 549 4045 ἄλογος
575 3977 626 4042 ΙΙΙ,
650 3977 682 4030 22
709 3995 735 4048 p.
759 3978 809 4032 265
836 3977 866 4031 Ρ.
894 3973 1073 4048 ἀγοράζουσιν
1099 3977 1218 4042 ἡδονάς
1244 3979 1277 4033 28
1301 3981 1392 4039 σκεῦος

263 4061 382 4128 ἡδονῆς
399 4065 432 4119 37
450 4082 476 4135 p.
487 4065 537 4118 276
556 4063 586 4118 P.
606 4064 675 4118 Item
694 4060 778 4133 ὕβρις,
796 4064 893 4134 τρυφή,
913 4063 1075 4129 ἡδυπάθεια,
1095 4061 1247 4118 πολυτέλεια
1261 4081 1343 4135 saepe
1357 4069 1389 4120 ob

213 4190 217 4200 .
266 4163 299 4203 eo
308 4153 442 4204 vexantur
451 4154 480 4205 et
488 4150 619 4206 acerrime
632 4149 803 4218 castigantur
813 4149 856 4219 (cf.
867 4149 957 4205 Galen
967 4169 995 4204 n.
1005 4158 1044 4219 ψυ
1045 4169 1073 4219 χ.
1083 4151 1185 4204 παθῶν
1197 4167 1220 4206 c.
1231 4149 1281 4216 1Χ,
1291 4151 1333 4206 15.
1341 4151 1391 4220 46).
