<?xml version="1.0" encoding="UTF-8"?>
<!DOCTYPE html PUBLIC "-//W3C//DTD XHTML 1.0 Transitional//EN"
    "http://www.w3.org/TR/xhtml1/DTD/xhtml1-transitional.dtd">
<html xmlns="http://www.w3.org/1999/xhtml" xml:lang="en" lang="en">
 <head>
  <title>
</title>
<meta http-equiv="Content-Type" content="text/html;charset=utf-8" />
  <meta name='ocr-system' content='tesseract 3.04.00' />
  <meta name='ocr-capabilities' content='ocr_page ocr_carea ocr_par ocr_line ocrx_word'/>
</head>
<body>
  <div class='ocr_page' id='page_1' title='image "./quaestionesmuso01wendgoog_0033.png"; bbox 0 0 2878 4734; ppageno 0'>
   <div class='ocr_carea' id='block_1_1' title="bbox 744 305 1070 370">
    <p class='ocr_par' dir='ltr' id='par_1_1' title="bbox 744 305 1070 370">
     <span class='ocr_line' id='line_1_1' title="bbox 744 305 1070 370; baseline 0.009 -3"><span class='ocrx_word' id='word_1_1' title='bbox 744 305 1070 370; x_wconf 80' lang='lat'><strong>-22-.</strong></span> 
     </span>
    </p>
   </div>
   <div class='ocr_carea' id='block_1_2' title="bbox 287 485 1411 3262">
    <p class='ocr_par' dir='ltr' id='par_1_2' title="bbox 290 485 1411 886">
     <span class='ocr_line' id='line_1_2' title="bbox 292 485 1411 578; baseline -0.002 -23"><span class='ocrx_word' id='word_1_2' title='bbox 292 485 437 556; x_wconf 83' lang='lat' dir='ltr'><strong>Clemens</strong></span> <span class='ocrx_word' id='word_1_3' title='bbox 465 492 655 578; x_wconf 80' lang='lat' dir='ltr'>compilavit,</span> <span class='ocrx_word' id='word_1_4' title='bbox 683 491 796 557; x_wconf 91' lang='lat' dir='ltr'><strong>librum</strong></span> <span class='ocrx_word' id='word_1_5' title='bbox 829 491 962 558; x_wconf 87' lang='lat' dir='ltr'><strong>novisse.</strong></span> <span class='ocrx_word' id='word_1_6' title='bbox 1007 490 1075 558; x_wconf 85' lang='lat' dir='ltr'><strong>Hoc</strong></span> <span class='ocrx_word' id='word_1_7' title='bbox 1099 491 1185 557; x_wconf 91' lang='lat' dir='ltr'><strong>enim</strong></span> <span class='ocrx_word' id='word_1_8' title='bbox 1208 505 1335 556; x_wconf 89' lang='lat' dir='ltr'><strong>certum</strong></span> <span class='ocrx_word' id='word_1_9' title='bbox 1365 497 1411 568; x_wconf 74' lang='lat' dir='ltr'><strong>est</strong></span> 
     </span>
     <span class='ocr_line' id='line_1_3' title="bbox 292 592 1411 681; baseline -0.002 -23"><span class='ocrx_word' id='word_1_10' title='bbox 292 611 351 658; x_wconf 90' lang='lat' dir='ltr'><strong>nec</strong></span> <span class='ocrx_word' id='word_1_11' title='bbox 365 592 492 661; x_wconf 85' lang='lat' dir='ltr'><strong>verbum</strong></span> <span class='ocrx_word' id='word_1_12' title='bbox 509 594 644 680; x_wconf 85' lang='lat' dir='ltr'><strong>emplius</strong></span> <span class='ocrx_word' id='word_1_13' title='bbox 666 593 794 679; x_wconf 84' lang='lat' dir='ltr'><strong>addam,</strong></span> <span class='ocrx_word' id='word_1_14' title='bbox 817 593 899 660; x_wconf 86' lang='lat' dir='ltr'><strong>hunc</strong></span> <span class='ocrx_word' id='word_1_15' title='bbox 921 595 1052 681; x_wconf 89' lang='lat' dir='ltr'><strong>cynicae</strong></span> <span class='ocrx_word' id='word_1_16' title='bbox 1067 596 1152 660; x_wconf 88' lang='lat' dir='ltr'><strong>vitae</strong></span> <span class='ocrx_word' id='word_1_17' title='bbox 1167 593 1411 679; x_wconf 72' lang='lat' dir='ltr'><strong>descriptionem</strong></span> 
     </span>
     <span class='ocr_line' id='line_1_4' title="bbox 291 693 1411 778; baseline -0.003 -16"><span class='ocrx_word' id='word_1_18' title='bbox 291 705 323 762; x_wconf 92' lang='lat' dir='ltr'><strong>et</strong></span> <span class='ocrx_word' id='word_1_19' title='bbox 339 695 648 764; x_wconf 76' lang='lat' dir='ltr'><strong>&#39;commendationem</strong></span> <span class='ocrx_word' id='word_1_20' title='bbox 670 716 733 764; x_wconf 90' lang='lat' dir='ltr'><strong>non</strong></span> <span class='ocrx_word' id='word_1_21' title='bbox 755 697 788 764; x_wconf 93' lang='lat' dir='ltr'><strong>in</strong></span> <span class='ocrx_word' id='word_1_22' title='bbox 811 696 983 764; x_wconf 83' lang='lat' dir='ltr'><strong>Clementis</strong></span> <span class='ocrx_word' id='word_1_23' title='bbox 998 697 1126 764; x_wconf 87' lang='lat' dir='ltr'><strong>cerebro</strong></span> <span class='ocrx_word' id='word_1_24' title='bbox 1142 705 1244 764; x_wconf 90' lang='lat' dir='ltr'><strong>ortam</strong></span> <span class='ocrx_word' id='word_1_25' title='bbox 1261 717 1350 778; x_wconf 85' lang='lat' dir='ltr'><strong>esse,</strong></span> <span class='ocrx_word' id='word_1_26' title='bbox 1364 693 1411 761; x_wconf 87' lang='lat' dir='ltr'><strong>sel</strong></span> 
     </span>
     <span class='ocr_line' id='line_1_5' title="bbox 290 799 1042 886; baseline 0 -20"><span class='ocrx_word' id='word_1_27' title='bbox 290 799 384 866; x_wconf 84' lang='lat' dir='ltr'><strong>anxie</strong></span> <span class='ocrx_word' id='word_1_28' title='bbox 406 820 478 866; x_wconf 94' lang='lat' dir='ltr'><strong>eum</strong></span> <span class='ocrx_word' id='word_1_29' title='bbox 500 801 634 866; x_wconf 89' lang='lat' dir='ltr'><strong>auctoris</strong></span> <span class='ocrx_word' id='word_1_30' title='bbox 656 800 705 866; x_wconf 90' lang='lat' dir='ltr'><strong>sui</strong></span> <span class='ocrx_word' id='word_1_31' title='bbox 727 799 859 884; x_wconf 81' lang='lat' dir='ltr'><strong>vestigia</strong></span> <span class='ocrx_word' id='word_1_32' title='bbox 880 801 1042 886; x_wconf 91' lang='lat' dir='ltr'><strong>pressisse.</strong></span> 
     </span>
    </p>

    <p class='ocr_par' dir='ltr' id='par_1_3' title="bbox 289 900 1409 1916">
     <span class='ocr_line' id='line_1_6' title="bbox 375 900 1409 988; baseline -0.002 -20"><span class='ocrx_word' id='word_1_33' title='bbox 375 900 481 980; x_wconf 83' lang='lat' dir='ltr'><strong>Qualis</strong></span> <span class='ocrx_word' id='word_1_34' title='bbox 514 911 619 970; x_wconf 86' lang='lat' dir='ltr'><strong>autem</strong></span> <span class='ocrx_word' id='word_1_35' title='bbox 652 903 703 969; x_wconf 94' lang='lat' dir='ltr'><strong>hic</strong></span> <span class='ocrx_word' id='word_1_36' title='bbox 735 910 843 970; x_wconf 91' lang='lat' dir='ltr'><strong>auctor</strong></span> <span class='ocrx_word' id='word_1_37' title='bbox 876 904 1026 988; x_wconf 81' lang='lat' dir='ltr'><strong>oniasque</strong></span> <span class='ocrx_word' id='word_1_38' title='bbox 1058 903 1172 971; x_wconf 84' lang='lat' dir='ltr'><strong>aetatis</strong></span> <span class='ocrx_word' id='word_1_39' title='bbox 1205 903 1315 985; x_wconf 73' lang='lat' dir='ltr'><strong>luerit,</strong></span> <span class='ocrx_word' id='word_1_40' title='bbox 1344 901 1409 967; x_wconf 87' lang='lat' dir='ltr'><strong>satis</strong></span> 
     </span>
     <span class='ocr_line' id='line_1_7' title="bbox 291 1005 1409 1093; baseline -0.002 -23"><span class='ocrx_word' id='word_1_41' title='bbox 291 1010 439 1072; x_wconf 86' lang='lat' dir='ltr'><strong>accurate</strong></span> <span class='ocrx_word' id='word_1_42' title='bbox 461 1006 599 1073; x_wconf 85' lang='lat' dir='ltr'><strong>ostendi:</strong></span> <span class='ocrx_word' id='word_1_43' title='bbox 622 1026 643 1072; x_wconf 88' lang='lat' dir='ltr'><strong>a</strong></span> <span class='ocrx_word' id='word_1_44' title='bbox 663 1007 830 1078; x_wconf 88' lang='lat' dir='ltr'><strong>severitate</strong></span> <span class='ocrx_word' id='word_1_45' title='bbox 852 1007 975 1093; x_wconf 90' lang='lat' dir='ltr'><strong>priscae</strong></span> <span class='ocrx_word' id='word_1_46' title='bbox 997 1007 1158 1072; x_wconf 90' lang='lat' dir='ltr'><strong>doctrinae</strong></span> <span class='ocrx_word' id='word_1_47' title='bbox 1184 1005 1312 1072; x_wconf 88' lang='lat' dir='ltr'><strong>alienus</strong></span> <span class='ocrx_word' id='word_1_48' title='bbox 1340 1005 1409 1069; x_wconf 86' lang='lat' dir='ltr'><strong>inter</strong></span> 
     </span>
     <span class='ocr_line' id='line_1_8' title="bbox 290 1108 1408 1195; baseline -0.002 -22"><span class='ocrx_word' id='word_1_49' title='bbox 290 1108 455 1176; x_wconf 87' lang='lat' dir='ltr'><strong>eclecticos</strong></span> <span class='ocrx_word' id='word_1_50' title='bbox 477 1110 658 1195; x_wconf 90' lang='lat' dir='ltr'><strong>posterioris</strong></span> <span class='ocrx_word' id='word_1_51' title='bbox 681 1113 792 1177; x_wconf 89' lang='lat' dir='ltr'><strong>aetatis</strong></span> <span class='ocrx_word' id='word_1_52' title='bbox 817 1109 940 1177; x_wconf 87' lang='lat' dir='ltr'><strong>Stoicos</strong></span> <span class='ocrx_word' id='word_1_53' title='bbox 963 1109 1187 1191; x_wconf 91' lang='lat' dir='ltr'><strong>numerandus,</strong></span> <span class='ocrx_word' id='word_1_54' title='bbox 1210 1129 1319 1195; x_wconf 89' lang='lat' dir='ltr'><strong>porro,</strong></span> <span class='ocrx_word' id='word_1_55' title='bbox 1345 1109 1408 1193; x_wconf 85' lang='lat' dir='ltr'><strong>quia</strong></span> 
     </span>
     <span class='ocr_line' id='line_1_9' title="bbox 291 1211 1408 1299; baseline 0 -23"><span class='ocrx_word' id='word_1_56' title='bbox 291 1230 418 1277; x_wconf 89' lang='lat' dir='ltr'><strong>omnem</strong></span> <span class='ocrx_word' id='word_1_57' title='bbox 438 1211 656 1299; x_wconf 85' lang='lat' dir='ltr'><strong>philosophiae</strong></span> <span class='ocrx_word' id='word_1_58' title='bbox 672 1213 734 1280; x_wconf 90' lang='lat' dir='ltr'><strong>vim</strong></span> <span class='ocrx_word' id='word_1_59' title='bbox 756 1213 789 1280; x_wconf 92' lang='lat' dir='ltr'><strong>in</strong></span> <span class='ocrx_word' id='word_1_60' title='bbox 805 1215 918 1280; x_wconf 89' lang='lat' dir='ltr'><strong>virtute</strong></span> <span class='ocrx_word' id='word_1_61' title='bbox 934 1213 1134 1298; x_wconf 89' lang='lat' dir='ltr'><strong>moribusque</strong></span> <span class='ocrx_word' id='word_1_62' title='bbox 1149 1212 1297 1295; x_wconf 87' lang='lat' dir='ltr'><strong>collocat,</strong></span> <span class='ocrx_word' id='word_1_63' title='bbox 1316 1213 1408 1298; x_wconf 89' lang='lat' dir='ltr'><strong>primu</strong></span> 
     </span>
     <span class='ocr_line' id='line_1_10' title="bbox 290 1313 1408 1401; baseline -0.001 -20"><span class='ocrx_word' id='word_1_64' title='bbox 290 1333 320 1399; x_wconf 91' lang='lat' dir='ltr'><strong>p.</strong></span> <span class='ocrx_word' id='word_1_65' title='bbox 337 1313 408 1381; x_wconf 79' lang='lat' dir='ltr'><strong>Chr.</strong></span> <span class='ocrx_word' id='word_1_66' title='bbox 421 1315 545 1382; x_wconf 89' lang='lat' dir='ltr'><strong>saeculo</strong></span> <span class='ocrx_word' id='word_1_67' title='bbox 558 1315 760 1382; x_wconf 85' lang='lat' dir='ltr'><strong>ascribendus</strong></span> <span class='ocrx_word' id='word_1_68' title='bbox 772 1316 904 1398; x_wconf 86' lang='lat' dir='ltr'><strong>videtur,</strong></span> <span class='ocrx_word' id='word_1_69' title='bbox 916 1315 1001 1401; x_wconf 88' lang='lat' dir='ltr'><strong>quod</strong></span> <span class='ocrx_word' id='word_1_70' title='bbox 1011 1315 1086 1382; x_wconf 89' lang='lat' dir='ltr'><strong>inde</strong></span> <span class='ocrx_word' id='word_1_71' title='bbox 1102 1314 1319 1396; x_wconf 87' lang='lat' dir='ltr'><strong>confirmatur,</strong></span> <span class='ocrx_word' id='word_1_72' title='bbox 1336 1313 1408 1398; x_wconf 89' lang='lat' dir='ltr'><strong>quud</strong></span> 
     </span>
     <span class='ocr_line' id='line_1_11' title="bbox 290 1415 1409 1505; baseline 0 -23"><span class='ocrx_word' id='word_1_73' title='bbox 290 1415 460 1484; x_wconf 87' lang='lat' dir='ltr'><strong>admodum</strong></span> <span class='ocrx_word' id='word_1_74' title='bbox 476 1417 518 1483; x_wconf 92' lang='lat' dir='ltr'><strong>ad</strong></span> <span class='ocrx_word' id='word_1_75' title='bbox 538 1419 680 1504; x_wconf 85' lang='lat' dir='ltr'><strong>cynicam</strong></span> <span class='ocrx_word' id='word_1_76' title='bbox 696 1419 896 1505; x_wconf 80' lang='lat' dir='ltr'><strong>disciplinam</strong></span> <span class='ocrx_word' id='word_1_77' title='bbox 910 1420 1020 1500; x_wconf 85' lang='lat' dir='ltr'><strong>vergit.</strong></span> <span class='ocrx_word' id='word_1_78' title='bbox 1064 1417 1187 1484; x_wconf 91' lang='lat' dir='ltr'><strong>Eadem</strong></span> <span class='ocrx_word' id='word_1_79' title='bbox 1202 1417 1344 1502; x_wconf 89' lang='lat' dir='ltr'><strong>denique</strong></span> <span class='ocrx_word' id='word_1_80' title='bbox 1359 1437 1409 1502; x_wconf 85' lang='lat' dir='ltr'><strong>qna</strong></span> 
     </span>
     <span class='ocr_line' id='line_1_12' title="bbox 291 1519 1408 1607; baseline 0.002 -23"><span class='ocrx_word' id='word_1_81' title='bbox 291 1519 443 1587; x_wconf 85' lang='lat' dir='ltr'><strong>Senecam</strong></span> <span class='ocrx_word' id='word_1_82' title='bbox 466 1527 498 1587; x_wconf 90' lang='lat' dir='ltr'><strong>et</strong></span> <span class='ocrx_word' id='word_1_83' title='bbox 518 1520 699 1607; x_wconf 83' lang='lat' dir='ltr'><strong>Epictetum</strong></span> <span class='ocrx_word' id='word_1_84' title='bbox 714 1528 817 1590; x_wconf 86' lang='lat' dir='ltr'><strong>aetate</strong></span> <span class='ocrx_word' id='word_1_85' title='bbox 832 1543 904 1590; x_wconf 90' lang='lat' dir='ltr'><strong>eum</strong></span> <span class='ocrx_word' id='word_1_86' title='bbox 918 1521 1015 1590; x_wconf 90' lang='lat' dir='ltr'><strong>fuisse</strong></span> <span class='ocrx_word' id='word_1_87' title='bbox 1031 1521 1194 1588; x_wconf 87' lang='lat' dir='ltr'><strong>doctrinae</strong></span> <span class='ocrx_word' id='word_1_88' title='bbox 1210 1520 1408 1588; x_wconf 86' lang='lat' dir='ltr'><strong>similitudine</strong></span> 
     </span>
     <span class='ocr_line' id='line_1_13' title="bbox 290 1623 1408 1711; baseline -0.001 -23"><span class='ocrx_word' id='word_1_89' title='bbox 290 1624 448 1706; x_wconf 90' lang='lat' dir='ltr'><strong>probatur.</strong></span> <span class='ocrx_word' id='word_1_90' title='bbox 476 1623 583 1708; x_wconf 84' lang='lat' dir='ltr'><strong>ltaque</strong></span> <span class='ocrx_word' id='word_1_91' title='bbox 595 1633 839 1692; x_wconf 84' lang='lat' dir='ltr'><strong>consentaneum</strong></span> <span class='ocrx_word' id='word_1_92' title='bbox 851 1631 1038 1711; x_wconf 91' lang='lat' dir='ltr'><strong>estproptcr</strong></span> <span class='ocrx_word' id='word_1_93' title='bbox 1049 1643 1120 1690; x_wconf 89' lang='lat' dir='ltr'><strong>eam</strong></span> <span class='ocrx_word' id='word_1_94' title='bbox 1135 1625 1304 1704; x_wconf 90' lang='lat' dir='ltr'><strong>rationem,</strong></span> <span class='ocrx_word' id='word_1_95' title='bbox 1323 1643 1408 1707; x_wconf 90' lang='lat' dir='ltr'><strong>quam</strong></span> 
     </span>
     <span class='ocr_line' id='line_1_14' title="bbox 289 1725 1407 1816; baseline 0 -26"><span class='ocrx_word' id='word_1_96' title='bbox 289 1725 371 1792; x_wconf 92' lang='lat' dir='ltr'><strong>inter</strong></span> <span class='ocrx_word' id='word_1_97' title='bbox 384 1726 473 1816; x_wconf 34' lang='lat' dir='ltr'><strong>‚hunc</strong></span> <span class='ocrx_word' id='word_1_98' title='bbox 495 1734 527 1794; x_wconf 88' lang='lat' dir='ltr'><strong>et</strong></span> <span class='ocrx_word' id='word_1_99' title='bbox 541 1726 717 1813; x_wconf 86' lang='lat' dir='ltr'><strong>Epictetum</strong></span> <span class='ocrx_word' id='word_1_100' title='bbox 739 1727 873 1796; x_wconf 85' lang='lat' dir='ltr'><strong>vidimus</strong></span> <span class='ocrx_word' id='word_1_101' title='bbox 895 1725 1101 1810; x_wconf 86' lang='lat' dir='ltr'><strong>intercedere,</strong></span> <span class='ocrx_word' id='word_1_102' title='bbox 1117 1728 1207 1794; x_wconf 91' lang='lat' dir='ltr'><strong>nobis</strong></span> <span class='ocrx_word' id='word_1_103' title='bbox 1223 1728 1257 1792; x_wconf 94' lang='lat' dir='ltr'><strong>in</strong></span> <span class='ocrx_word' id='word_1_104' title='bbox 1276 1737 1407 1793; x_wconf 89' lang='lat' dir='ltr'><strong>mentem</strong></span> 
     </span>
     <span class='ocr_line' id='line_1_15' title="bbox 290 1828 1369 1916; baseline 0.002 -24"><span class='ocrx_word' id='word_1_105' title='bbox 290 1829 396 1895; x_wconf 90' lang='lat' dir='ltr'><strong>venire</strong></span> <span class='ocrx_word' id='word_1_106' title='bbox 417 1828 554 1915; x_wconf 86' lang='lat' dir='ltr'><strong>Epicteti</strong></span> <span class='ocrx_word' id='word_1_107' title='bbox 576 1831 760 1913; x_wconf 80' lang='lat' dir='ltr'><strong>magistrum</strong></span> <span class='ocrx_word' id='word_1_108' title='bbox 783 1832 1001 1913; x_wconf 77' lang='lat' dir='ltr'><strong>clarissimum,</strong></span> <span class='ocrx_word' id='word_1_109' title='bbox 1023 1829 1203 1897; x_wconf 90' lang='lat' dir='ltr'><strong>Musonium</strong></span> <span class='ocrx_word' id='word_1_110' title='bbox 1224 1831 1369 1916; x_wconf 84' lang='lat' dir='ltr'><strong>inquam.</strong></span> 
     </span>
    </p>

    <p class='ocr_par' dir='ltr' id='par_1_4' title="bbox 287 1931 1409 3157">
     <span class='ocr_line' id='line_1_16' title="bbox 375 1931 1408 2018; baseline 0.009 -22"><span class='ocrx_word' id='word_1_111' title='bbox 375 1931 492 1998; x_wconf 85' lang='lat' dir='ltr'><strong>Tamen</strong></span> <span class='ocrx_word' id='word_1_112' title='bbox 515 1932 594 1999; x_wconf 86' lang='lat' dir='ltr'><strong>haec</strong></span> <span class='ocrx_word' id='word_1_113' title='bbox 609 1935 796 2018; x_wconf 77' lang='lat' dir='ltr'><strong>coniectum,</strong></span> <span class='ocrx_word' id='word_1_114' title='bbox 812 1935 873 2002; x_wconf 91' lang='lat' dir='ltr'><strong>nisi</strong></span> <span class='ocrx_word' id='word_1_115' title='bbox 888 1935 997 2018; x_wconf 84' lang='lat' dir='ltr'><strong>gravia</strong></span> <span class='ocrx_word' id='word_1_116' title='bbox 1010 1933 1199 2000; x_wconf 87' lang='lat' dir='ltr'><strong>accederent</strong></span> <span class='ocrx_word' id='word_1_117' title='bbox 1218 1941 1408 2014; x_wconf 66' lang='lat' dir='ltr'><strong>argumenta</strong></span> 
     </span>
     <span class='ocr_line' id='line_1_17' title="bbox 289 2035 1409 2121; baseline 0 -21"><span class='ocrx_word' id='word_1_118' title='bbox 289 2035 433 2119; x_wconf 86' lang='lat' dir='ltr'><strong>speciosa</strong></span> <span class='ocrx_word' id='word_1_119' title='bbox 454 2035 509 2101; x_wconf 91' lang='lat' dir='ltr'><strong>illa</strong></span> <span class='ocrx_word' id='word_1_120' title='bbox 531 2035 657 2121; x_wconf 88' lang='lat' dir='ltr'><strong>quidem</strong></span> <span class='ocrx_word' id='word_1_121' title='bbox 678 2035 820 2120; x_wconf 86' lang='lat' dir='ltr'><strong>fortasse,</strong></span> <span class='ocrx_word' id='word_1_122' title='bbox 844 2037 901 2104; x_wconf 91' lang='lat' dir='ltr'><strong>sed</strong></span> <span class='ocrx_word' id='word_1_123' title='bbox 921 2057 1005 2104; x_wconf 86' lang='lat' dir='ltr'><strong>vana</strong></span> <span class='ocrx_word' id='word_1_124' title='bbox 1026 2044 1110 2104; x_wconf 90' lang='lat' dir='ltr'><strong>esset</strong></span> <span class='ocrx_word' id='word_1_125' title='bbox 1123 2057 1169 2102; x_wconf 85' lang='lat' dir='ltr'><strong>ac</strong></span> <span class='ocrx_word' id='word_1_126' title='bbox 1191 2036 1298 2102; x_wconf 86' lang='lat' dir='ltr'><strong>futilis.</strong></span> <span class='ocrx_word' id='word_1_127' title='bbox 1340 2035 1409 2102; x_wconf 85' lang='lat' dir='ltr'><strong>Sunt</strong></span> 
     </span>
     <span class='ocr_line' id='line_1_18' title="bbox 290 2139 1408 2226; baseline 0.001 -24"><span class='ocrx_word' id='word_1_128' title='bbox 290 2156 363 2203; x_wconf 89' lang='lat' dir='ltr'><strong>vero</strong></span> <span class='ocrx_word' id='word_1_129' title='bbox 390 2139 498 2221; x_wconf 86' lang='lat' dir='ltr'><strong>gravia</strong></span> <span class='ocrx_word' id='word_1_130' title='bbox 525 2145 719 2224; x_wconf 84' lang='lat' dir='ltr'><strong>argumenta,</strong></span> <span class='ocrx_word' id='word_1_131' title='bbox 746 2141 857 2226; x_wconf 91' lang='lat' dir='ltr'><strong>quihus</strong></span> <span class='ocrx_word' id='word_1_132' title='bbox 886 2140 1094 2207; x_wconf 85' lang='lat' dir='ltr'><strong>confirmetur.</strong></span> <span class='ocrx_word' id='word_1_133' title='bbox 1140 2139 1291 2204; x_wconf 88' lang='lat' dir='ltr'><strong>Servatae</strong></span> <span class='ocrx_word' id='word_1_134' title='bbox 1326 2139 1408 2204; x_wconf 89' lang='lat' dir='ltr'><strong>nohis</strong></span> 
     </span>
     <span class='ocr_line' id='line_1_19' title="bbox 288 2240 1408 2329; baseline -0.001 -23"><span class='ocrx_word' id='word_1_135' title='bbox 288 2246 364 2306; x_wconf 92' lang='lat' dir='ltr'><strong>sunt</strong></span> <span class='ocrx_word' id='word_1_136' title='bbox 396 2241 480 2327; x_wconf 87' lang='lat' dir='ltr'><strong>apud</strong></span> <span class='ocrx_word' id='word_1_137' title='bbox 512 2241 683 2310; x_wconf 86' lang='lat' dir='ltr'><strong>Stobacum</strong></span> <span class='ocrx_word' id='word_1_138' title='bbox 715 2244 942 2329; x_wconf 86' lang='lat' dir='ltr'><strong>disputationes</strong></span> <span class='ocrx_word' id='word_1_139' title='bbox 973 2241 1120 2326; x_wconf 73' lang='lat' dir='ltr'><strong>Musoni,</strong></span> <span class='ocrx_word' id='word_1_140' title='bbox 1148 2263 1167 2308; x_wconf 90' lang='lat' dir='ltr'><strong>a</strong></span> <span class='ocrx_word' id='word_1_141' title='bbox 1192 2240 1408 2328; x_wconf 87' lang='lat' dir='ltr'><strong>Peerlkampic</strong></span> 
     </span>
     <span class='ocr_line' id='line_1_20' title="bbox 288 2343 1406 2430; baseline 0 -23"><span class='ocrx_word' id='word_1_142' title='bbox 288 2361 427 2408; x_wconf 91' lang='lat' dir='ltr'><strong>seorsum</strong></span> <span class='ocrx_word' id='word_1_143' title='bbox 450 2343 592 2430; x_wconf 90' lang='lat' dir='ltr'><strong>editae¹).</strong></span> <span class='ocrx_word' id='word_1_144' title='bbox 637 2346 688 2412; x_wconf 86' lang='lat' dir='ltr'><strong>An</strong></span> <span class='ocrx_word' id='word_1_145' title='bbox 714 2344 814 2413; x_wconf 94' lang='lat' dir='ltr'><strong>Pollio</strong></span> <span class='ocrx_word' id='word_1_146' title='bbox 841 2345 898 2413; x_wconf 91' lang='lat' dir='ltr'><strong>hus</strong></span> <span class='ocrx_word' id='word_1_147' title='bbox 925 2345 1161 2412; x_wconf 83' lang='lat' dir='ltr'><strong>dissertationes</strong></span> <span class='ocrx_word' id='word_1_148' title='bbox 1188 2345 1222 2410; x_wconf 93' lang='lat' dir='ltr'><strong>in</strong></span> <span class='ocrx_word' id='word_1_149' title='bbox 1245 2348 1406 2430; x_wconf 81' lang='grc' dir='ltr'>ἀπομνημο-</span> 
     </span>
     <span class='ocr_line' id='line_1_21' title="bbox 287 2445 1406 2532; baseline 0.008 -25"><span class='ocrx_word' id='word_1_150' title='bbox 287 2445 402 2530; x_wconf 79' lang='grc' dir='ltr'>νεύμασι</span> <span class='ocrx_word' id='word_1_151' title='bbox 429 2447 597 2511; x_wconf 81' lang='grc' dir='ltr'>Μουσωνίου</span> <span class='ocrx_word' id='word_1_152' title='bbox 624 2448 666 2532; x_wconf 83' lang='grc' dir='ltr'><strong>(ν.</strong></span> <span class='ocrx_word' id='word_1_153' title='bbox 690 2447 778 2515; x_wconf 86' lang='lat' dir='ltr'><strong>Suid.</strong></span> <span class='ocrx_word' id='word_1_154' title='bbox 800 2470 825 2518; x_wconf 83' lang='lat' dir='ltr'><strong>s.</strong></span> <span class='ocrx_word' id='word_1_155' title='bbox 849 2472 877 2520; x_wconf 90' lang='lat' dir='ltr'><strong>v.</strong></span> <span class='ocrx_word' id='word_1_156' title='bbox 899 2449 1078 2530; x_wconf 80' lang='grc' dir='ltr'>Μουσώνιος)</span> <span class='ocrx_word' id='word_1_157' title='bbox 1110 2450 1283 2516; x_wconf 77' lang='lat' dir='ltr'><strong>memoriae</strong></span> <span class='ocrx_word' id='word_1_158' title='bbox 1315 2449 1406 2516; x_wconf 74' lang='lat' dir='ltr'><strong>tradh</strong></span> 
     </span>
     <span class='ocr_line' id='line_1_22' title="bbox 288 2549 1406 2639; baseline 0.003 -25"><span class='ocrx_word' id='word_1_159' title='bbox 288 2549 369 2616; x_wconf 88' lang='lat' dir='ltr'><strong>derit</strong></span> <span class='ocrx_word' id='word_1_160' title='bbox 390 2558 422 2616; x_wconf 92' lang='lat' dir='ltr'><strong>et</strong></span> <span class='ocrx_word' id='word_1_161' title='bbox 444 2550 516 2618; x_wconf 91' lang='lat' dir='ltr'><strong>hinc</strong></span> <span class='ocrx_word' id='word_1_162' title='bbox 539 2552 690 2620; x_wconf 88' lang='lat' dir='ltr'><strong>Stobacus</strong></span> <span class='ocrx_word' id='word_1_163' title='bbox 712 2551 762 2618; x_wconf 85' lang='lat' dir='ltr'><strong>vel</strong></span> <span class='ocrx_word' id='word_1_164' title='bbox 784 2553 850 2620; x_wconf 90' lang='lat' dir='ltr'><strong>eius</strong></span> <span class='ocrx_word' id='word_1_165' title='bbox 872 2563 983 2621; x_wconf 86' lang='lat' dir='ltr'><strong>auctor</strong></span> <span class='ocrx_word' id='word_1_166' title='bbox 1003 2559 1068 2622; x_wconf 88' lang='lat' dir='ltr'><strong>eas&#39;</strong></span> <span class='ocrx_word' id='word_1_167' title='bbox 1081 2553 1294 2639; x_wconf 69' lang='lat' dir='ltr'><strong>exscripserit,</strong></span> <span class='ocrx_word' id='word_1_168' title='bbox 1317 2553 1406 2638; x_wconf 90' lang='lat' dir='ltr'><strong>plane</strong></span> 
     </span>
     <span class='ocr_line' id='line_1_23' title="bbox 287 2653 1405 2746; baseline 0.002 -27"><span class='ocrx_word' id='word_1_169' title='bbox 287 2654 440 2720; x_wconf 90' lang='lat' dir='ltr'><strong>incertum</strong></span> <span class='ocrx_word' id='word_1_170' title='bbox 463 2663 520 2720; x_wconf 91' lang='lat' dir='ltr'><strong>est.</strong></span> <span class='ocrx_word' id='word_1_171' title='bbox 565 2653 760 2722; x_wconf 89' lang='lat' dir='ltr'><strong>Probabihus</strong></span> <span class='ocrx_word' id='word_1_172' title='bbox 783 2657 939 2743; x_wconf 83' lang='lat' dir='ltr'><strong>quispiam</strong></span> <span class='ocrx_word' id='word_1_173' title='bbox 960 2658 1116 2746; x_wconf 87' lang='lat' dir='ltr'><strong>putaverit</strong></span> <span class='ocrx_word' id='word_1_174' title='bbox 1138 2655 1309 2722; x_wconf 89' lang='lat' dir='ltr'><strong>Stobacum</strong></span> <span class='ocrx_word' id='word_1_175' title='bbox 1332 2655 1405 2722; x_wconf 90' lang='lat' dir='ltr'><strong>haec</strong></span> 
     </span>
     <span class='ocr_line' id='line_1_24' title="bbox 288 2756 1406 2846; baseline 0.001 -24"><span class='ocrx_word' id='word_1_176' title='bbox 288 2757 392 2842; x_wconf 87' lang='lat' dir='ltr'><strong>capita</strong></span> <span class='ocrx_word' id='word_1_177' title='bbox 418 2759 524 2823; x_wconf 92' lang='lat' dir='ltr'><strong>omnia</strong></span> <span class='ocrx_word' id='word_1_178' title='bbox 552 2756 666 2823; x_wconf 86' lang='lat' dir='ltr'><strong>dehere</strong></span> <span class='ocrx_word' id='word_1_179' title='bbox 693 2757 781 2825; x_wconf 90' lang='lat' dir='ltr'><strong>Lucii</strong></span> <span class='ocrx_word' id='word_1_180' title='bbox 807 2761 914 2828; x_wconf 83' lang='lat' dir='ltr'><strong>nescio</strong></span> <span class='ocrx_word' id='word_1_181' title='bbox 941 2761 992 2828; x_wconf 91' lang='lat' dir='ltr'><strong>cui</strong></span> <span class='ocrx_word' id='word_1_182' title='bbox 1019 2761 1109 2846; x_wconf 92' lang='lat' dir='ltr'><strong>libro,</strong></span> <span class='ocrx_word' id='word_1_183' title='bbox 1143 2761 1406 2846; x_wconf 73' lang='grc' dir='ltr'>ἀπομνημονεύμασι</span> 
     </span>
     <span class='ocr_line' id='line_1_25' title="bbox 288 2859 1404 2950; baseline 0.004 -25"><span class='ocrx_word' id='word_1_184' title='bbox 288 2867 373 2946; x_wconf 88' lang='lat' dir='ltr'><strong>puto.</strong></span> <span class='ocrx_word' id='word_1_185' title='bbox 417 2859 529 2926; x_wconf 82' lang='lat' dir='ltr'><strong>Exstat</strong></span> <span class='ocrx_word' id='word_1_186' title='bbox 552 2861 634 2926; x_wconf 86' lang='lat' dir='ltr'><strong>enim</strong></span> <span class='ocrx_word' id='word_1_187' title='bbox 652 2861 742 2946; x_wconf 85' lang='lat' dir='ltr'><strong>apud</strong></span> <span class='ocrx_word' id='word_1_188' title='bbox 766 2862 851 2932; x_wconf 85' lang='lat' dir='ltr'><strong>Stob.</strong></span> <span class='ocrx_word' id='word_1_189' title='bbox 874 2864 932 2932; x_wconf 87' lang='lat' dir='ltr'><strong>ecl.</strong></span> <span class='ocrx_word' id='word_1_190' title='bbox 956 2863 991 2946; x_wconf 86' lang='lat'><strong>11,</strong></span> <span class='ocrx_word' id='word_1_191' title='bbox 1015 2885 1045 2950; x_wconf 92' lang='lat' dir='ltr'><strong>p.</strong></span> <span class='ocrx_word' id='word_1_192' title='bbox 1063 2866 1124 2930; x_wconf 82' lang='lat'><strong>193</strong></span> <span class='ocrx_word' id='word_1_193' title='bbox 1139 2863 1188 2932; x_wconf 91' lang='lat' dir='ltr'><strong>W.</strong></span> <span class='ocrx_word' id='word_1_194' title='bbox 1204 2864 1265 2931; x_wconf 94' lang='lat' dir='ltr'><strong>hoc</strong></span> <span class='ocrx_word' id='word_1_195' title='bbox 1278 2865 1404 2932; x_wconf 89' lang='lat' dir='ltr'><strong>lemma:</strong></span> 
     </span>
     <span class='ocr_line' id='line_1_26' title="bbox 289 2955 1404 3057; baseline 0.008 -31"><span class='ocrx_word' id='word_1_196' title='bbox 289 2963 392 3054; x_wconf 81' lang='grc' dir='ltr'>Λυκίου</span> <span class='ocrx_word' id='word_1_197' title='bbox 416 2965 448 3027; x_wconf 86' lang='grc' dir='ltr'><strong>ἐκ</strong></span> <span class='ocrx_word' id='word_1_198' title='bbox 470 2972 526 3028; x_wconf 78' lang='grc' dir='ltr'><strong>τῶν</strong></span> <span class='ocrx_word' id='word_1_199' title='bbox 548 2963 755 3050; x_wconf 52' lang='grc' dir='ltr'>Μουσωνίουῖ),</span> <span class='ocrx_word' id='word_1_200' title='bbox 778 2975 817 3057; x_wconf 80' lang='lat' dir='ltr'><strong>et</strong></span> <span class='ocrx_word' id='word_1_201' title='bbox 836 2955 1015 3033; x_wconf 76' lang='lat' dir='ltr'><strong>nominatur</strong></span> <span class='ocrx_word' id='word_1_202' title='bbox 1040 2967 1155 3034; x_wconf 72' lang='lat' dir='ltr'><strong>Lucius</strong></span> <span class='ocrx_word' id='word_1_203' title='bbox 1181 2965 1317 3034; x_wconf 82' lang='lat' dir='ltr'><strong>Musunii</strong></span> <span class='ocrx_word' id='word_1_204' title='bbox 1346 2967 1404 3035; x_wconf 89' lang='lat' dir='ltr'><strong>dis-</strong></span> 
     </span>
     <span class='ocr_line' id='line_1_27' title="bbox 288 3067 1404 3157; baseline 0.001 -22"><span class='ocrx_word' id='word_1_205' title='bbox 288 3069 408 3154; x_wconf 90' lang='lat' dir='ltr'><strong>cipulus</strong></span> <span class='ocrx_word' id='word_1_206' title='bbox 425 3067 541 3152; x_wconf 90' lang='lat' dir='ltr'><strong>(Zeller</strong></span> <span class='ocrx_word' id='word_1_207' title='bbox 555 3069 595 3135; x_wconf 95' lang='lat' dir='ltr'><strong>Ill</strong></span> <span class='ocrx_word' id='word_1_208' title='bbox 611 3091 641 3156; x_wconf 89' lang='lat' dir='ltr'><strong>p.</strong></span> <span class='ocrx_word' id='word_1_209' title='bbox 666 3071 752 3154; x_wconf 87' lang='grc'>691).</span> <span class='ocrx_word' id='word_1_210' title='bbox 789 3069 852 3136; x_wconf 88' lang='lat' dir='ltr'><strong>Sed</strong></span> <span class='ocrx_word' id='word_1_211' title='bbox 874 3069 946 3137; x_wconf 90' lang='lat' dir='ltr'><strong>huic</strong></span> <span class='ocrx_word' id='word_1_212' title='bbox 969 3072 1022 3135; x_wconf 90' lang='lat' dir='ltr'><strong>uni</strong></span> <span class='ocrx_word' id='word_1_213' title='bbox 1046 3071 1143 3157; x_wconf 86' lang='lat' dir='ltr'><strong>capiti</strong></span> <span class='ocrx_word' id='word_1_214' title='bbox 1164 3071 1340 3157; x_wconf 83' lang='lat' dir='ltr'><strong>praefixum</strong></span> <span class='ocrx_word' id='word_1_215' title='bbox 1362 3078 1404 3138; x_wconf 90' lang='lat' dir='ltr'><strong>est</strong></span> 
     </span>
    </p>

    <p class='ocr_par' dir='ltr' id='par_1_5' title="bbox 289 3171 1403 3262">
     <span class='ocr_line' id='line_1_28' title="bbox 289 3171 1403 3262; baseline 0 -24"><span class='ocrx_word' id='word_1_216' title='bbox 289 3171 377 3238; x_wconf 90' lang='lat' dir='ltr'><strong>Lucii</strong></span> <span class='ocrx_word' id='word_1_217' title='bbox 400 3193 525 3255; x_wconf 90' lang='lat' dir='ltr'><strong>nomen,</strong></span> <span class='ocrx_word' id='word_1_218' title='bbox 549 3181 582 3239; x_wconf 92' lang='lat' dir='ltr'><strong>ut</strong></span> <span class='ocrx_word' id='word_1_219' title='bbox 604 3171 643 3238; x_wconf 90' lang='lat' dir='ltr'><strong>de</strong></span> <span class='ocrx_word' id='word_1_220' title='bbox 660 3174 771 3262; x_wconf 86' lang='lat' dir='ltr'><strong>ceteris</strong></span> <span class='ocrx_word' id='word_1_221' title='bbox 786 3172 863 3238; x_wconf 91' lang='lat' dir='ltr'><strong>nihil</strong></span> <span class='ocrx_word' id='word_1_222' title='bbox 886 3180 1015 3257; x_wconf 78' lang='lat' dir='ltr'><strong>constet.</strong></span> <span class='ocrx_word' id='word_1_223' title='bbox 1043 3171 1126 3258; x_wconf 82' lang='lat' dir='ltr'><strong>Ergo</strong></span> <span class='ocrx_word' id='word_1_224' title='bbox 1149 3173 1233 3240; x_wconf 92' lang='lat' dir='ltr'><strong>unde</strong></span> <span class='ocrx_word' id='word_1_225' title='bbox 1256 3172 1403 3239; x_wconf 87' lang='lat' dir='ltr'><strong>Stcheeus</strong></span> 
     </span>
    </p>
   </div>
   <div class='ocr_carea' id='block_1_3' title="bbox 267 3445 1403 4288">
    <p class='ocr_par' dir='ltr' id='par_1_6' title="bbox 281 3445 1403 3602">
     <span class='ocr_line' id='line_1_29' title="bbox 374 3445 1403 3519; baseline 0.002 -19"><span class='ocrx_word' id='word_1_226' title='bbox 374 3446 394 3513; x_wconf 89' lang='lat'><strong>¹)</strong></span> <span class='ocrx_word' id='word_1_227' title='bbox 412 3445 442 3501; x_wconf 86' lang='lat' dir='ltr'><strong>O.</strong></span> <span class='ocrx_word' id='word_1_228' title='bbox 460 3447 584 3502; x_wconf 73' lang='lat' dir='ltr'><strong>Musonii&#39;</strong></span> <span class='ocrx_word' id='word_1_229' title='bbox 597 3447 658 3502; x_wconf 87' lang='lat' dir='ltr'><strong>Ruti</strong></span> <span class='ocrx_word' id='word_1_230' title='bbox 676 3447 830 3519; x_wconf 88' lang='lat' dir='ltr'><strong>philosophi</strong></span> <span class='ocrx_word' id='word_1_231' title='bbox 847 3448 928 3502; x_wconf 89' lang='lat' dir='ltr'><strong>stoici</strong></span> <span class='ocrx_word' id='word_1_232' title='bbox 938 3448 1070 3517; x_wconf 83' lang='lat' dir='ltr'><strong>reliquiae</strong></span> <span class='ocrx_word' id='word_1_233' title='bbox 1082 3451 1111 3501; x_wconf 92' lang='lat' dir='ltr'><strong>et</strong></span> <span class='ocrx_word' id='word_1_234' title='bbox 1123 3447 1354 3518; x_wconf 79' lang='lat' dir='ltr'><strong>apophthegmata</strong></span> <span class='ocrx_word' id='word_1_235' title='bbox 1366 3448 1403 3502; x_wconf 89' lang='lat' dir='ltr'><strong>ed.</strong></span> 
     </span>
     <span class='ocr_line' id='line_1_30' title="bbox 281 3530 697 3602; baseline 0.012 -19"><span class='ocrx_word' id='word_1_236' title='bbox 281 3530 460 3602; x_wconf 81' lang='lat' dir='ltr'><strong>¹Peerlkamp,</strong></span> <span class='ocrx_word' id='word_1_237' title='bbox 478 3532 603 3586; x_wconf 90' lang='lat' dir='ltr'><strong>Harlemi</strong></span> <span class='ocrx_word' id='word_1_238' title='bbox 622 3534 697 3588; x_wconf 77' lang='lat'><strong>1822.</strong></span> 
     </span>
    </p>

    <p class='ocr_par' dir='ltr' id='par_1_7' title="bbox 288 3618 1403 3846">
     <span class='ocr_line' id='line_1_31' title="bbox 372 3618 1402 3690; baseline 0.003 -19"><span class='ocrx_word' id='word_1_239' title='bbox 372 3618 394 3685; x_wconf 82' lang='lat'><strong>²)</strong></span> <span class='ocrx_word' id='word_1_240' title='bbox 414 3619 506 3688; x_wconf 87' lang='lat' dir='ltr'><strong>Ipsum</strong></span> <span class='ocrx_word' id='word_1_241' title='bbox 523 3619 576 3672; x_wconf 92' lang='lat' dir='ltr'><strong>hoc</strong></span> <span class='ocrx_word' id='word_1_242' title='bbox 594 3624 678 3690; x_wconf 88' lang='lat' dir='ltr'><strong>caput</strong></span> <span class='ocrx_word' id='word_1_243' title='bbox 695 3635 730 3673; x_wconf 92' lang='lat' dir='ltr'><strong>an</strong></span> <span class='ocrx_word' id='word_1_244' title='bbox 747 3623 822 3674; x_wconf 90' lang='lat' dir='ltr'><strong>recta</strong></span> <span class='ocrx_word' id='word_1_245' title='bbox 840 3637 906 3690; x_wconf 92' lang='lat' dir='ltr'><strong>praa</strong></span> <span class='ocrx_word' id='word_1_246' title='bbox 918 3636 948 3674; x_wconf 87' lang='lat' dir='ltr'><strong>se</strong></span> <span class='ocrx_word' id='word_1_247' title='bbox 961 3620 1032 3674; x_wconf 83' lang='lat' dir='ltr'><strong>ierat</strong></span> <span class='ocrx_word' id='word_1_248' title='bbox 1045 3620 1123 3674; x_wconf 88' lang='lat' dir='ltr'><strong>Lucii</strong></span> <span class='ocrx_word' id='word_1_249' title='bbox 1136 3635 1241 3686; x_wconf 84' lang='lat' dir='ltr'><strong>nomen,</strong></span> <span class='ocrx_word' id='word_1_250' title='bbox 1252 3620 1402 3686; x_wconf 82' lang='lat' dir='ltr'><strong>dubitarem,</strong></span> 
     </span>
     <span class='ocr_line' id='line_1_32' title="bbox 288 3704 1403 3778; baseline 0.004 -20"><span class='ocrx_word' id='word_1_251' title='bbox 288 3704 340 3758; x_wconf 93' lang='lat' dir='ltr'><strong>nisi</strong></span> <span class='ocrx_word' id='word_1_252' title='bbox 358 3708 479 3758; x_wconf 85' lang='lat' dir='ltr'><strong>exstaret</strong></span> <span class='ocrx_word' id='word_1_253' title='bbox 496 3706 625 3759; x_wconf 92' lang='lat' dir='ltr'><strong>memoria</strong></span> <span class='ocrx_word' id='word_1_254' title='bbox 642 3704 798 3776; x_wconf 89' lang='lat' dir='ltr'><strong>philosophi</strong></span> <span class='ocrx_word' id='word_1_255' title='bbox 818 3707 902 3762; x_wconf 84' lang='lat' dir='ltr'><strong>Lucii.</strong></span> <span class='ocrx_word' id='word_1_256' title='bbox 939 3705 1010 3760; x_wconf 88' lang='lat' dir='ltr'><strong>Nam</strong></span> <span class='ocrx_word' id='word_1_257' title='bbox 1029 3707 1102 3778; x_wconf 86' lang='lat' dir='ltr'><strong>apud</strong></span> <span class='ocrx_word' id='word_1_258' title='bbox 1120 3705 1196 3762; x_wconf 83' lang='lat' dir='ltr'><strong>Stoh.</strong></span> <span class='ocrx_word' id='word_1_259' title='bbox 1215 3707 1282 3761; x_wconf 88' lang='lat' dir='ltr'><strong>ordo</strong></span> <span class='ocrx_word' id='word_1_260' title='bbox 1300 3708 1403 3762; x_wconf 87' lang='lat' dir='ltr'><strong>lemma-</strong></span> 
     </span>
     <span class='ocr_line' id='line_1_33' title="bbox 288 3790 556 3846; baseline 0.011 -4"><span class='ocrx_word' id='word_1_261' title='bbox 288 3794 345 3846; x_wconf 88' lang='lat' dir='ltr'><strong>tum</strong></span> <span class='ocrx_word' id='word_1_262' title='bbox 362 3790 487 3845; x_wconf 87' lang='lat' dir='ltr'><strong>turbatus</strong></span> <span class='ocrx_word' id='word_1_263' title='bbox 506 3793 556 3845; x_wconf 88' lang='lat' dir='ltr'><strong>est.</strong></span> 
     </span>
    </p>

    <p class='ocr_par' dir='ltr' id='par_1_8' title="bbox 267 3873 1402 4288">
     <span class='ocr_line' id='line_1_34' title="bbox 376 3873 1402 3945; baseline 0.001 -14"><span class='ocrx_word' id='word_1_264' title='bbox 376 3877 473 3944; x_wconf 83' lang='lat' dir='ltr'><strong>Vagae</strong></span> <span class='ocrx_word' id='word_1_265' title='bbox 501 3880 564 3930; x_wconf 90' lang='lat' dir='ltr'><strong>sunt</strong></span> <span class='ocrx_word' id='word_1_266' title='bbox 592 3875 762 3931; x_wconf 87' lang='lat' dir='ltr'><strong>coniecturae</strong></span> <span class='ocrx_word' id='word_1_267' title='bbox 789 3875 962 3931; x_wconf 89' lang='lat' dir='ltr'><strong>Bernhurdtii</strong></span> <span class='ocrx_word' id='word_1_268' title='bbox 989 3880 1031 3945; x_wconf 84' lang='lat' dir='ltr'><strong>(nn</strong></span> <span class='ocrx_word' id='word_1_269' title='bbox 1053 3873 1086 3932; x_wconf 71' lang='lat' dir='ltr'><strong>(l.</strong></span> <span class='ocrx_word' id='word_1_270' title='bbox 1111 3878 1180 3933; x_wconf 85' lang='lat' dir='ltr'><strong>Mus.</strong></span> <span class='ocrx_word' id='word_1_271' title='bbox 1204 3877 1299 3943; x_wconf 81' lang='lat' dir='ltr'><strong>Ruina,</strong></span> <span class='ocrx_word' id='word_1_272' title='bbox 1321 3879 1402 3934; x_wconf 84' lang='lat' dir='ltr'><strong>Sorau</strong></span> 
     </span>
     <span class='ocr_line' id='line_1_35' title="bbox 290 3962 1402 4036; baseline 0.003 -21"><span class='ocrx_word' id='word_1_273' title='bbox 290 3964 372 4030; x_wconf 79' lang='grc'>1866),</span> <span class='ocrx_word' id='word_1_274' title='bbox 390 3963 438 4032; x_wconf 89' lang='lat' dir='ltr'><strong>qui</strong></span> <span class='ocrx_word' id='word_1_275' title='bbox 452 3979 501 4033; x_wconf 89' lang='lat' dir='ltr'><strong>pro</strong></span> <span class='ocrx_word' id='word_1_276' title='bbox 513 3963 615 4016; x_wconf 85' lang='grc' dir='ltr'>Λυκίου</span> <span class='ocrx_word' id='word_1_277' title='bbox 632 3962 701 4032; x_wconf 80' lang='lat' dir='ltr'><strong>legit</strong></span> <span class='ocrx_word' id='word_1_278' title='bbox 719 3963 849 4016; x_wconf 77' lang='grc' dir='ltr'>Κλαυδίου</span> <span class='ocrx_word' id='word_1_279' title='bbox 868 3966 916 4030; x_wconf 86' lang='lat' dir='ltr'><strong>(sc.</strong></span> <span class='ocrx_word' id='word_1_280' title='bbox 934 3963 1076 4032; x_wconf 89' lang='lat' dir='ltr'><strong>Pollionis)</strong></span> <span class='ocrx_word' id='word_1_281' title='bbox 1095 3967 1201 4018; x_wconf 90' lang='lat' dir='ltr'><strong>etcum</strong></span> <span class='ocrx_word' id='word_1_282' title='bbox 1219 3963 1402 4036; x_wconf 81' lang='lat' dir='ltr'><strong>Peerlkampio</strong></span> 
     </span>
     <span class='ocr_line' id='line_1_36' title="bbox 267 4049 1402 4120; baseline 0.004 -19"><span class='ocrx_word' id='word_1_283' title='bbox 267 4053 365 4118; x_wconf 60' lang='lat' dir='ltr'><strong>vputat</strong></span> <span class='ocrx_word' id='word_1_284' title='bbox 392 4049 506 4103; x_wconf 89' lang='lat' dir='ltr'><strong>eundem</strong></span> <span class='ocrx_word' id='word_1_285' title='bbox 533 4049 678 4104; x_wconf 84' lang='lat' dir='ltr'><strong>(llaudicm</strong></span> <span class='ocrx_word' id='word_1_286' title='bbox 705 4065 774 4116; x_wconf 86' lang='lat' dir='ltr'><strong>essa,</strong></span> <span class='ocrx_word' id='word_1_287' title='bbox 803 4050 848 4120; x_wconf 91' lang='lat' dir='ltr'><strong>qui</strong></span> <span class='ocrx_word' id='word_1_288' title='bbox 866 4067 883 4104; x_wconf 84' lang='lat' dir='ltr'><strong>a</strong></span> <span class='ocrx_word' id='word_1_289' title='bbox 900 4049 972 4104; x_wconf 88' lang='lat' dir='ltr'><strong>Plin.</strong></span> <span class='ocrx_word' id='word_1_290' title='bbox 995 4067 1038 4120; x_wconf 85' lang='lat' dir='ltr'><strong>ep.</strong></span> <span class='ocrx_word' id='word_1_291' title='bbox 1057 4051 1079 4116; x_wconf 84' lang='grc' dir='ltr'><strong>Ι,</strong></span> <span class='ocrx_word' id='word_1_292' title='bbox 1097 4051 1128 4104; x_wconf 84' lang='grc'><strong>31</strong></span> <span class='ocrx_word' id='word_1_293' title='bbox 1158 4050 1265 4105; x_wconf 89' lang='lat' dir='ltr'><strong>dicatur</strong></span> <span class='ocrx_word' id='word_1_294' title='bbox 1291 4051 1402 4106; x_wconf 84' lang='lat' dir='ltr'><strong>Musunii</strong></span> 
     </span>
     <span class='ocr_line' id='line_1_37' title="bbox 287 4134 1401 4205; baseline 0.004 -19"><span class='ocrx_word' id='word_1_295' title='bbox 287 4135 441 4189; x_wconf 88' lang='lat' dir='ltr'><strong>memoriam</strong></span> <span class='ocrx_word' id='word_1_296' title='bbox 465 4135 534 4189; x_wconf 92' lang='lat' dir='ltr'><strong>libro</strong></span> <span class='ocrx_word' id='word_1_297' title='bbox 558 4151 740 4190; x_wconf 83' lang='lat' dir='ltr'><strong>consecrasse.</strong></span> <span class='ocrx_word' id='word_1_298' title='bbox 777 4139 817 4194; x_wconf 77' lang='lat' dir='ltr'><strong>at</strong></span> <span class='ocrx_word' id='word_1_299' title='bbox 839 4137 867 4189; x_wconf 94' lang='lat' dir='ltr'><strong>in</strong></span> <span class='ocrx_word' id='word_1_300' title='bbox 890 4134 972 4188; x_wconf 89' lang='lat' dir='ltr'><strong>Plinii</strong></span> <span class='ocrx_word' id='word_1_301' title='bbox 996 4151 1037 4205; x_wconf 92' lang='lat' dir='ltr'><strong>ep.</strong></span> <span class='ocrx_word' id='word_1_302' title='bbox 1061 4151 1132 4189; x_wconf 92' lang='lat' dir='ltr'><strong>nuuc</strong></span> <span class='ocrx_word' id='word_1_303' title='bbox 1153 4136 1265 4190; x_wconf 89' lang='lat' dir='ltr'><strong>meliore</strong></span> <span class='ocrx_word' id='word_1_304' title='bbox 1291 4135 1401 4192; x_wconf 87' lang='lat' dir='ltr'><strong>lectione</strong></span> 
     </span>
     <span class='ocr_line' id='line_1_38' title="bbox 286 4218 873 4288; baseline 0.003 -16"><span class='ocrx_word' id='word_1_305' title='bbox 286 4218 388 4288; x_wconf 81' lang='lat' dir='ltr'><strong>legitur</strong></span> <span class='ocrx_word' id='word_1_306' title='bbox 406 4221 497 4285; x_wconf 80' lang='lat' dir='ltr'><strong>„Arum</strong></span> <span class='ocrx_word' id='word_1_307' title='bbox 515 4221 622 4285; x_wconf 82' lang='lat' dir='ltr'><strong>Bassi¹‘,</strong></span> <span class='ocrx_word' id='word_1_308' title='bbox 641 4236 694 4274; x_wconf 90' lang='lat' dir='ltr'><strong>non</strong></span> <span class='ocrx_word' id='word_1_309' title='bbox 713 4221 873 4287; x_wconf 86' lang='lat' dir='ltr'><strong>‚‚Musonii“.</strong></span> 
     </span>
    </p>
   </div>
   <div class='ocr_carea' id='block_1_4' title="bbox 0 0 1444 4727">
    <p class='ocr_par' dir='ltr' id='par_1_9' title="bbox 0 0 1444 4727">
     <span class='ocr_line' id='line_1_39' title="bbox 0 0 1444 4727; baseline 0 0"><span class='ocrx_word' id='word_1_310' title='bbox 0 0 1444 4727; x_wconf 95' lang='lat' dir='ltr'><strong> </strong></span> 
     </span>
    </p>
   </div>
  </div>
 </body>
</html>
