2878 4734
749 269 957 334 ..38-

293 454 390 522 Recte
421 455 504 521 enim
540 455 581 521 de
609 457 752 524 Musonio
779 456 899 524 iudicet
927 456 1067 524 Zellerus
1095 457 1115 521 l.
1140 477 1167 522 c.
1197 478 1229 543 p.
1255 460 1335 522 735:
1382 457 1423 536 ‚iu

293 557 457 623 einzelnen
479 557 625 626 Puniten
649 559 776 627 werden
801 559 888 628 dicse
905 558 1104 626 Grundeotze
1120 560 1325 646 iberspannt,
1350 560 1423 624 Mne

292 660 366 742 geht
400 661 477 726 iiber
509 661 560 726 die
592 661 734 728 Grenzcn
770 662 827 728 dos
857 663 1041 728 Stoicismus
1076 663 1187 728 hineue
1220 663 1286 728 und
1312 663 1425 728 nahor

294 762 359 826 sich
389 762 481 829 theiis
510 762 566 828 der
594 764 764 848 cynisohen
792 763 1002 846 Einfechheit,
1028 764 1121 830 theiis
1149 765 1231 830 euch
1262 765 1319 830 der
1353 785 1425 828 neu·

292 864 578 950 pythagoreischen
603 866 753 932 Asoese“.
788 865 960 931 Plurimum
985 865 1110 950 quidem
1135 866 1220 952 apud
1244 888 1317 931 eum
1343 867 1425 930 valer

293 967 500 1049 Antisthenis,
524 967 684 1050 Diogenis,
709 967 844 1034 Cratetis
867 970 1048 1052 auctoritem,
1071 969 1166 1034 etiem
1182 967 1303 1034 Teletis
1318 968 1425 1034 decie-

293 1072 449 1137 motionee
473 1071 569 1136 novit.
587 1069 776 1155 Cynicorum
793 1071 875 1138 virne
898 1091 997 1154 genus
1020 1091 1091 1135 cum
1115 1071 1334 1156 amplexatum
1358 1091 1424 1136 eeu

292 1171 367 1237 inde
395 1171 559 1252 concludo,
589 1172 672 1256 quod
699 1192 821 1238 comem
852 1179 884 1238 et
910 1161 1041 1238 barbam
1075 1173 1117 1238 eli
1152 1175 1249 1253 iubet,
1286 1175 1423 1237 tunicum

293 1275 391 1355 reicit,
415 1294 544 1359 specum
569 1273 762 1339 domicilium
787 1274 905 1339 homiui
928 1274 969 1338 ob
992 1275 1063 1360 ipsa
1089 1285 1201 1338 notura
1230 1274 1424 1340 destinatum

294 1395 364 1440 esse
392 1375 468 1440 dicit
495 1375 596 1458 (Stob.
623 1374 689 1441 flor.
713 1375 726 1440 l
752 1395 782 1460 p.
807 1376 848 1439 38
871 1374 942 1457 M),
977 1377 1046 1461 ipse
1080 1395 1203 1459 quoque
1232 1375 1421 1461 Cynicorum

176 1467 182 1485 ‘
294 1496 381 1542 more
404 1479 560 1561 modoque
584 1485 693 1544 contre
716 1478 797 1542 viros
813 1477 974 1559 'levigatos
997 1476 1156 1542 declamet
1178 1477 1265 1562 apud
1291 1479 1383 1543 Stob.
1406 1477 1423 1545 L

290 1600 322 1664 p.
349 1582 419 1645 157.
459 1579 491 1644 Si
515 1577 615 1644 addes
638 1599 709 1644 eum
733 1578 849 1644 diserte
866 1577 1017 1664 Cynicum
1043 1579 1198 1644 nominari
1221 1579 1261 1644 ab
1280 1578 1422 1664 Eunepio

292 1681 312 1746 l.
337 1702 363 1746 o.
387 1702 417 1766 p.
441 1684 493 1762 35,
517 1703 556 1746 ne
578 1679 657 1746 illud
681 1680 805 1765 quidem
830 1683 894 1746 veri
918 1680 1069 1746 dissimile
1090 1680 1244 1762 videniur,
1270 1682 1421 1766 „Cynici

292 1791 464 1864 auctorem,
489 1785 628 1868 quisquis
651 1784 718 1866 suit,
741 1785 773 1847 in
797 1782 1006 1849 describenda
1022 1783 1136 1865 cynice
1151 1783 1278 1848 vivendi
1304 1786 1421 1850 rationo

293 1908 333 1954 ex
357 1887 490 1953 Musonii
513 1887 592 1952 libro
617 1886 768 1952 hausisse.

292 4183 367 4249 Queo
386 4186 490 4236 restent
509 4182 586 4236 huius
606 4182 738 4252 opusculi,
753 4180 834 4235 simul
846 4185 973 4250 prostent
985 4180 1057 4250 opud
1073 4179 1212 4250 Meyerum
1227 4185 1254 4232 ei
1269 4179 1412 4234 Mulierum.
