2878 4734
734 283 947 347 ..15-

222 536 228 548 ,
277 492 337 556 quo
362 473 585 557 comprobatur
607 472 691 557 quod
715 472 755 537 de
771 472 838 537 eius
854 478 958 537 aetate
974 473 1078 551 statui,
1095 471 1227 557 cynicae
1251 468 1330 536 dico
1352 467 1411 534 dis·

276 575 412 660 ciplinae
435 576 572 641 studium
597 575 755 659 quoddam
779 583 811 640 et
837 593 987 640 amorem.
1033 573 1139 655 Stoici,
1175 593 1246 639 cum
1271 571 1355 637 olim
1378 591 1411 636 ex

277 676 466 762 Cynicorum
491 678 600 745 sobole
622 678 754 764 profecti
778 685 893 761 essent,
917 677 1018 760 magis
1038 677 1201 761 magisque
1215 674 1412 742 recedebant

277 781 317 846 ab
341 780 427 846 illius
450 787 558 848 sectae
581 782 766 848 austeritate
793 786 826 846 et
852 780 1039 862 acerbitate3
1066 780 1154 846 cuius
1187 779 1220 844 in
1256 777 1411 843 Panaetio

279 881 407 967 quidem
432 891 464 949 et
486 883 656 950 Posidonio
680 885 732 948 vix
753 882 850 948 ullum
875 883 1039 964 vestigium
1062 882 1216 948 invenias.
1263 880 1335 947 Sed
1358 899 1410 964 quo

277 987 379 1068 magis
408 987 506 1051 nimia
533 987 659 1052 luxuria
684 994 847 1071 corruptos
874 1005 979 1052 mores
1012 986 1042 1052 ei
1075 984 1283 1070 simplicitati,
1322 1003 1410 1068 quam

279 1089 340 1172 ipsi
363 1090 550 1174 probabant,
578 1109 754 1175 repugnare
781 1088 942 1171 videbant,
970 1086 1066 1155 Stoici
1094 1088 1236 1154 arbitrati
1265 1096 1410 1172 oportere

277 1191 310 1254 in
327 1197 470 1257 naturam
488 1193 626 1258 converti
643 1199 675 1258 et
690 1211 727 1257 eo
742 1193 864 1258 restitui
880 1192 965 1258 unde
981 1192 1125 1277 publicus
1141 1211 1228 1258 error
1243 1190 1410 1276 expulerit

278 1313 370 1376 quem
406 1296 593 1360 remiserant
625 1297 760 1379 rigorem
794 1295 1011 1362 intendebant.
1064 1293 1105 1360 Et
1140 1295 1272 1360 ineunte
1312 1296 1409 1378 primo

278 1396 405 1463 saeculo
429 1417 469 1462 ex
492 1398 592 1463 stoica
614 1397 723 1464 schola
746 1400 767 1462 ii
791 1400 951 1465 exstitisse
974 1398 1129 1479 videntur,
1152 1399 1204 1482 qui
1228 1398 1406 1482 cynismum

278 1519 430 1565 renovare
453 1519 491 1565 ac
513 1502 679 1568 restituere
703 1501 899 1582 studerent').
937 1500 1045 1585 Neque
1067 1501 1163 1584 igitur
1178 1501 1204 1565 si
1221 1501 1408 1581 cogitaveris

280 1623 340 1687 quo
368 1602 463 1669 modo
490 1611 522 1669 et
549 1605 661 1688 quibus
690 1605 730 1670 de
757 1606 861 1671 causis
889 1605 1002 1690 cynica
1028 1609 1116 1671 secta
1142 1604 1297 1669 revixerit
1320 1609 1410 1687 atque

279 1703 458 1788 effloruerit,
486 1707 651 1772 miraberis
678 1708 868 1792 posteriores
896 1707 1018 1773 Stoicos
1052 1705 1224 1772 admodum
1259 1711 1410 1788 cognatos

279 1814 311 1873 et
326 1809 498 1875 familiares
515 1809 642 1892 Cynicis
658 1811 763 1875 fuisse.
799 1809 1035 1895 Amplisslmam
1050 1808 1231 1894 disputandi
1245 1811 1408 1874 materiam

280 1912 401 1995 utrique
425 1911 551 1975 scholae
575 1920 685 1976 contra
708 1933 828 1976 morum
850 1914 1038 1997 pravitatem
1054 1911 1306 1977 declamationes
1322 1933 1409 1997 prae·

192 2056 195 2068 ·
281 2013 397 2078 bebant
420 2013 600 2080 ditl'erente's
624 2013 717 2080 modo
741 2016 860 2079 maiore
884 2015 932 2079 vel
954 2015 1074 2079 minore
1090 2016 1266 2080 severitate.
1318 2014 1409 2080 Erant

280 2115 390 2200 Cynici
415 2118 464 2199 qui
491 2137 509 2180 a
532 2118 668 2197 genuino
692 2117 782 2180 lmius
806 2124 912 2181 sectae
936 2125 967 2182 et
995 2119 1097 2199 rigore
1126 2127 1159 2182 et
1180 2117 1331 2200 squalore
1362 2118 1422 2202 ab·3

280 2217 443 2284 horrentes
461 2220 615 2284 mitiorem
634 2220 827 2285 adamabaut
843 2222 995 2285 rationem
1014 2219 1126 2284 Stoicis
1144 2222 1248 2304 potius
1264 2221 1422 2308 similem}

281 2321 364 2385 velut
386 2321 567 2387 Demetrius
590 2333 684 2405 atque
706 2323 882 2387 Demonax.
927 2323 977 2387 Ab
1000 2323 1105 2388 altera
1124 2331 1213 2407 parte
1237 2323 1338 2387 Stoici
1364 2331 1409 2388 aut

279 2424 340 2507 ipsi
368 2424 512 2507 cynicum
541 2424 680 2489 habitum
710 2423 895 2507 vivendique
923 2425 1076 2490 rationem
1111 2424 1327 2508 sequebantur
1363 2433 1409 2490 aut

280 2533 367 2592 certe
391 2528 534 2610 cynicum
560 2526 760 2611 disciplinam
783 2527 930 2592 laudibus
947 2527 1150 2592 extollebant.
1191 2525 1304 2592 Nonne
1320 2538 1408 2612 puras

281 2629 433 2713 Cynicum
451 2638 482 2694 te
498 2629 617 2711 audire,
639 2631 665 2694 si
686 2629 765 2711 legis
781 2629 864 2714 apud
882 2630 1035 2692 Senecam
1053 2630 1157 2714 (epist.
1174 2629 1229 2712 90)
1246 2632 1423 2712 avaritiam

280 2733 475 2817 paupertatis
498 2751 625 2796 causam
655 2733 749 2796 etiam
777 2733 816 2796 iis
839 2751 910 2797 esse
937 2752 1014 2815 quos
1041 2732 1117 2797 facit
1143 2731 1407 2816 locupletissimos

282 2837 317 2916 (ς
341 2837 370 2898 3.
395 2835 463 2919 38),
486 2835 543 2900 sub
567 2854 723 2900 marmore
747 2848 840 2916 atque
863 2854 939 2898 auro
962 2835 1143 2901 servitutem
1167 2834 1311 2900 babitare
1329 2838 1407 2920 (10),

281 2959 343 3003 606
368 2937 545 3017 convenire,
570 2946 604 3003 ut
626 2938 716 3002 simul
734 2937 909 3018 Diogenem
934 2939 1055 3002 mireris
1078 2945 1110 3003 et
1132 2936 1310 3002 Daedalum
1328 2941 1407 3023 (14),

281 3043 377 3106 immo
401 3042 508 3107 omnia
530 3041 672 3106 luxuriae
706 3042 926 3122 instrumenta,
961 3043 1046 3126 ipsas
1082 3048 1167 3106 artes
1204 3040 1407 3126 expellendas

282 3165 362 3226 esse,
398 3153 460 3209 tam
496 3165 724 3229 supervacuum
763 3165 831 3210 esse
868 3164 1002 3226 coquum
1037 3162 1130 3227 quam
1164 3143 1294 3208 militem
1332 3145 1407 3228 (16),

281 3247 381 3332 pelles
404 3248 539 3314 ferarum
564 3266 583 3311 a
606 3248 721 3328 frigore
749 3248 825 3312 satis
855 3245 1042 3330 abundeque
1070 3245 1240 3312 defendere
1263 3266 1358 3332 posse
1381 3257 1407 3313 et

282 3370 395 3434 specus
434 3350 483 3414 vel
521 3370 611 3415 casas
651 3349 793 3414 naturale
831 3349 983 3434 praebere
1021 3348 1139 3416 homiui
1176 3351 1405 3432 receptaculum

283 3450 337 3536 (16
361 3451 432 3536 sq),
456 3451 531 3516 felix
561 3453 657 3544 fuisse
687 3451 764 3516 illud
792 3473 915 3532 aevum,
945 3471 1005 3538 quo
1033 3458 1117 3517 terra
1145 3459 1213 3516 erat
1234 3451 1407 3520 inlaborata

281 3599 486 3610 ..—---——

371 3676 389 3745 ¹)
408 3675 536 3729 Panaetii
554 3676 645 3746 potins
664 3691 745 3745 quam
763 3675 850 3746 ipsius
870 3673 1011 3731 Ciceronis
1036 3672 1136 3736 (Zeller
1152 3673 1203 3738 111,
1224 3674 1246 3737 1,
1265 3672 1324 3741 766)
1341 3675 1405 3731 iudi·

283 3764 354 3817 cium
383 3761 519 3815 contineri
544 3765 611 3830 puto
639 3759 701 3814 loco
730 3762 764 3815 66
791 3761 837 3816 off.
860 3762 882 3825 I,
908 3761 965 3814 148.
1001 3761 1034 3814 16
1061 3758 1130 3813 Arei
1154 3758 1266 3828 Didymi
1291 3760 1405 3829 epitome

283 3849 389 3902 stoicae
409 3847 550 3900 doetrinae
571 3845 658 3914 (Stob.
677 3846 728 3901 eol.
747 3847 801 3900 eth.
820 3863 847 3916 p.
860 3846 911 3902 238
929 3845 965 3900 Η.
986 3847 1035 3899 114
1047 3843 1104 3912 W.)
1123 3843 1158 3897 de
1177 3845 1296 3912 cynismo
1314 3846 1404 3901 eodem

282 3935 364 3989 modo
391 3933 526 3986 iudicatur
553 3937 634 4000 atque
659 3931 723 3986 loco
750 3932 810 3987 Cic.
835 3932 869 3985 de
893 3932 928 3985 fin
953 3931 1003 3995 ΙΙΙ,
1028 3931 1069 3985 68.
1089 3959 1121 3969 -
1141 3929 1232 3983 Primo
1259 3946 1329 3985 aueo.
1357 3935 1404 3988 sub

284 4021 445 4090 Cynicorum
464 4024 585 4074 veterum
609 4018 765 4072 nominibus
789 4017 922 4089 epistolae
944 4015 1121 4087 pervolgatae
1143 4015 1259 4068 suntad
1277 4031 1403 4074 commen-

285 4105 402 4159 dandam
430 4106 501 4159 hanc
529 4103 737 4174 philosophiam,
762 4103 916 4160 vilereis
942 4101 1067 4171 symbola
1094 4101 1192 4154 critica
1218 4100 1254 4153 66
1281 4103 1403 4171 epistolo-

284 4189 402 4259 graphos
422 4188 546 4244 Graecos
565 4191 645 4244 Bonu
666 4189 740 4244 1883.
1358 4189 1361 4196 ’
