2878 4734
736 193 992 310 --311—⁸

279 451 350 497 cum
394 433 426 498 in
464 433 619 518 capitibus
656 436 953 499 commentariorum
992 455 1013 499 a
1048 434 1136 501 Stob.
1175 435 1318 499 servatis
1356 455 1380 496 n·

278 534 487 618 inveniantur,
515 555 555 602 ex
583 535 654 600 aliis
683 537 750 601 eius
769 536 848 601 libri
876 537 1032 621 capitibus
1060 537 1155 602 nobis
1180 556 1247 601 non
1283 556 1380 602 serva

279 635 417 703 fluxisse.
463 639 505 704 At
539 658 619 720 nego
655 637 795 704 diversos
829 637 971 704 eiusdem
1005 639 1077 705 libri
1108 639 1197 704 locos
1229 645 1300 703 tam
1339 640 1380 702 be

280 737 475 806 Clementem
522 741 711 807 concinnare
756 743 905 826 potuisse.
966 741 998 806 Si
1035 742 1121 827 ipsos
1164 744 1382 808 commentari

281 842 491 926 compilasset,
515 850 599 909 certe
627 863 689 908 non
716 842 816 908 solum
844 844 969 925 singule
997 845 1171 926 enuntiata,
1196 843 1257 910 scd
1281 845 1384 928 ampli

281 941 452 1030 disputatio
480 945 663 1028 longiorque
694 947 920 1010 sententiarum
951 948 1049 1012 series
1083 947 1289 1012 consentiret.
1338 945 1377 1008 Tu

280 1046 325 1111 sic
360 1045 558 1112 statuendum
582 1053 666 1113 esset
689 1046 773 1111 baud
800 1047 910 1132 paucis
936 1049 1014 1114 locis
1043 1068 1236 1134 magnopere
1266 1047 1383 1113 Cleme

280 1155 343 1214 tem
371 1148 529 1215 studuisse
559 1148 629 1214 aliis
658 1150 759 1214 verbis
787 1151 923 1215 auctoris
952 1151 1000 1216 sui
1024 1152 1198 1216 sententias
1221 1153 1388 1236 exprime

281 1251 343 1316 Sed
366 1251 426 1318 hoc
448 1251 585 1318 studium
610 1272 630 1317 a
652 1253 786 1334 segnitie
810 1254 877 1318 eius
901 1253 991 1318 nobis
1014 1273 1091 1319 sane
1115 1261 1207 1336 grata
1228 1259 1262 1318 et
1283 1271 1377 1338 accep

284 1354 438 1420 abhorret.
486 1353 573 1420 Solet
599 1355 681 1420 enim
709 1361 853 1420 auctores
882 1373 955 1420 suos
983 1356 1192 1422 verbotenus
1216 1357 1388 1422 exscriber

196 1507 201 1521 ,
282 1456 365 1541 quod
376 1456 470 1522 facile
482 1463 614 1542 apparet
626 1457 656 1522 in
671 1455 998 1538 Philoue‚Aristobulo
1013 1455 1140 1541 ludaeo,
1152 1460 1185 1523 in
1197 1457 1382 1544 ‹loxograpb

282 1567 314 1625 et
336 1558 582 1646 mythographis.
617 1558 680 1624 Sed
702 1559 753 1624 fac
776 1578 847 1625 eum
864 1558 915 1624 hic
931 1560 1033 1624 maius
1049 1559 1188 1626 studium
1206 1561 1398 1645 impendisse

282 1663 382 1744 magis
405 1682 459 1728 suo
483 1661 600 1728 iudicio
623 1666 657 1726 ct
679 1660 815 1744 eligendi
838 1661 983 1726 libertate
1006 1683 1096 1727 usum
1114 1681 1298 1746 essequam
1320 1665 1399 1730 sole:

282 1766 333 1831 iac
369 1767 474 1846 etiam,
513 1785 582 1829 cum
621 1765 748 1848 saepius
781 1765 815 1829 in
849 1766 1084 1830 commentariis
1119 1765 1285 1832 Musonius
1322 1769 1399 1831 tarn

283 1888 419 1954 persone
447 1866 613 1932 inducetur
641 1873 672 1931 et
699 1866 826 1949 obliqua
853 1868 993 1932 oratione
1017 1868 1157 1950 loquens,
1181 1889 1252 1933 eum
1279 1871 1400 1952 primae

282 1990 448 2057 personam
479 1975 657 2051 rectamque
685 1970 859 2033 orationem
884 1970 1096 2035 substituisse:
1130 1990 1191 2054 quo
1215 1971 1313 2036 modo
1337 1971 1402 2034 illul

284 2073 435 2159 explicas,
464 2071 546 2156 quod
574 2090 670 2156 supra
696 2070 819 2136 ostendi
849 2070 1056 2152 Clementem,
1079 2073 1133 2137 uhi
1159 2075 1321 2139 consentit
1344 2094 1402 2138 cnm

284 2176 527 2258 commentariis,
552 2194 647 2258 saepe
670 2173 760 2258 plura
789 2174 941 2258 praebere
969 2194 1067 2257 eaque
1096 2175 1237 2254 meliora,
1261 2195 1360 2259 quam
1382 2190 1404 2238 u

284 2299 324 2346 ex
346 2280 445 2364 ipsius
467 2278 594 2359 ingenio
617 2281 692 2341 nata
715 2295 784 2341 esse
800 2278 931 2360 possint,
949 2295 1044 2362 saepe
1068 2278 1213 2360 graviora
1236 2286 1267 2343 et
1293 2281 1405 2363 aptiora

283 2382 389 2458 verba,
413 2400 505 2464 quam
535 2399 615 2462 quae
642 2380 675 2442 in
703 2380 937 2444 commentariis
964 2378 1119 2461 leguntur,
1155 2388 1188 2445 ut
1214 2380 1284 2465 ipse
1316 2385 1404 2462 magis

284 2484 410 2571 placeat
432 2468 594 2565 magisque
617 2481 771 2564 genuinus
795 2480 918 2548 Stoicus
942 2502 1012 2548 esse
1036 2481 1200 2548 videatur?

373 2586 437 2652 Nisi
461 2585 525 2650 alia
548 2584 597 2648 via
620 2582 868 2669 progrediamur,
892 2583 1060 2649 incidimus
1083 2587 1115 2649 in
1139 2605 1193 2650 eos
1216 2585 1361 2669 laqueos,
1378 2608 1419 2678 en¹

285 2691 396 2774 quibus
424 2707 481 2754 nos
510 2685 671 2772 explicare
704 2704 768 2750 non
801 2705 977 2770 possumus.
1024 2687 1144 2768 Restat,
1178 2694 1213 2753 nt
1248 2681 1419 2772 utrumqne

285 2793 471 2878 scriptorem
517 2809 556 2854 ex
600 2785 712 2853 eodem
756 2787 842 2853 fonte
880 2788 1023 2854 hausisse
1061 2796 1248 2855 statuamus.
1309 2790 1406 2874 Neque

287 2893 414 2960 difficile
431 2897 479 2958 est
502 2891 584 2955 bunc
607 2889 724 2954 iontem
748 2889 909 2972 indagare.
946 2890 1142 2956 Ferebantur
1164 2891 1263 2957 Suida
1284 2901 1407 2958 auctore

287 2996 423 3062 Musonii
450 2993 535 3079 Adros
562 2994 688 3081 διάφοροι
716 2993 887 3080 φιλοσοφίας
915 2995 1051 3080 ἐχόμενοι.
1099 2993 1167 3060 Hac
1189 2995 1229 3060 de
1252 3015 1286 3059 re
1311 3005 1406 3080 potest

288 3098 424 3165 dubitari
458 3104 562 3164 utrum
596 3099 665 3183 ipse
700 3096 778 3162 Mus.
809 3098 922 3163 librum
960 3119 1049 3162 suum
1080 3099 1275 3184 inscripserit
1307 3100 1409 3183 Adpo:

289 3206 460 3293 φιλοσοφίας
493 3204 684 3291 ἐχομένουςΙ),
708 3223 747 3267 an
776 3201 855 3268 haec
883 3204 947 3272 sint
975 3201 1091 3268 Suidac
1126 3203 1174 3268 vel
1209 3205 1316 3291 potius
1352 3208 1409 3270 eins

287 3310 422 3376 auctoris
455 3310 550 3374 verba
583 3308 653 3372 libri
687 3313 905 3388 argumentum
938 3305 1163 3371 adumbrantia.
1215 3305 1283 3372 Etsi
1309 3307 1411 3392 Adpo:

286 3413 382 3480 luisse
398 3411 470 3477 libri
485 3410 609 3477 titulum
626 3415 745 3475 certum
763 3407 837 3472 mihi
856 3428 925 3481 esse
940 3407 1070 3474 videtur.
1100 3411 1214 3476 Nescio
1231 3419 1341 3494 eutem
1359 3435 1410 3498 quc

286 3517 353 3580 iure
377 3514 416 3580 de
439 3515 509 3599 ipso
532 3513 611 3579 libro
628 3511 840 3576 dubitaverint
854 3531 917 3576 non
934 3511 1026 3577 modo
1045 3510 1292 3597 Nieuwlandius,
1310 3537 1410 3582 verum

288 3619 383 3686 etiam
401 3617 585 3698 Heerenius,
602 3615 754 3699 Ritterus‚
776 3613 955 3698 Zellems2),
979 3617 1164 3701 praesertim
1190 3637 1260 3681 cum
1284 3620 1411 3685 accedat

375 3806 394 3872 ¹)
412 3803 465 3857 hoc
483 3802 612 3856 statuitur
630 3801 703 3870 apud
722 3800 835 3870 ‚,Pauly,
853 3800 1148 3871 Realencycloptdie‘.
1204 3823 1208 3830 ·

373 3890 394 3958 ²)
413 3888 576 3944 Nieuwlend
596 3885 632 3941 l.l.
651 3903 677 3956 p.
696 3889 741 3942 50:
772 3887 967 3953 ,‚Fersbentur‚
987 3889 1009 3941 si
1022 3887 1124 3941 Suidae
1142 3889 1210 3943 tides
1225 3889 1357 3944 habenda
1370 3903 1412 3945 est.

289 3975 439 4044 antiquitus
459 3975 548 4027 variae
567 3973 688 4026 Musonii
706 3973 739 4026 de
759 3973 953 4044 philosophicis
967 3973 1048 4027 rebus
1061 3974 1275 4039 dissertationes,
1296 3978 1372 4044 quod
1385 3995 1411 4029 nn

289 4061 322 4113 de
342 4060 453 4128 scriptis
471 4060 505 4112 ab
525 4059 583 4129 ipso
602 4057 678 4111 libris
696 4057 912 4126 intellegendum
937 4059 973 4111 sit
996 4076 1030 4111 an
1048 4075 1113 4112 vero
1137 4059 1171 4113 de
1190 4073 1412 4136 epomnemoneu·

289 4148 381 4204 maten
406 4160 488 4217 opere
559 4184 566 4198 .
585 4185 591 4199 .
610 4143 745 4198 incertum
765 4147 833 4199 est“.
868 4143 977 4197 Heeren
1001 4145 1043 4198 ed.
1062 4143 1138 4199 Stob.
1158 4143 1206 4197 ecl.
1225 4143 1278 4199 vol.
1298 4146 1336 4210 il,
1357 4149 1411 4200 ⁸265:
