2878 4734
488 285 697 351 ,37-

14 477 172 558 αμητέον
195 477 214 560 ἢ
236 481 328 559 γάμου
351 478 445 546 eicco
469 476 607 546 παντελές
628 477 820 562 καθαρευτέον
845 515 884 524 -
909 477 1002 562 έγεται
1023 480 1077 566 γοὶρ
1100 483 1157 562 tq·

14 581 141 664 ήσεως
163 581 211 642 καὶ
232 587 313 645 τοῦτο
338 615 377 627 --
402 582 432 644 έν
455 587 497 668 τῷ
518 583 580 670 περὶ
603 583 765 669 ἐγκρατείας
787 582 854 666 ἡμῖν
877 581 1045 667 δεδήλωται.
1077 582 1155 648 sta·

14 689 74 753 im
114 691 224 755 sanavi
253 689 331 755 heac
358 690 463 756 verba.
501 689 602 772 Vulgo
631 689 715 754 enim
745 689 858 772 legitur
888 689 936 751 obv
963 691 983 772 ἦ
1006 696 1038 754 et
1063 707 1159 774 prave

14 793 269 877 nterpungitur.
305 791 379 870 Quis
403 799 509 858 autam
532 799 581 859 est
607 792 657 856 bic
683 792 744 880 περὶ
763 793 926 882 ἐγκρατείας
944 791 1050 878 advoc?
1077 789 1157 856 Nam

14 898 112 978 ,α’γον
135 895 188 959 hic
210 894 462 961 subaudiendum
488 915 566 977 csse,
591 915 653 960 non
676 899 832 984 κεφάλαιον
856 906 910 964 aut
937 898 1052 982 βιβλίον,
1081 915 1158 960 ana·

15 1001 112 1080 ogia
138 999 225 1083 λόγου
247 1000 365 1082 γοὶμικοῦ
393 1002 426 1062 ct
451 1000 537 1082 λόγου
565 1008 733 1084 consecracio
761 1001 812 1084 (ll,
835 1005 876 1066 43
900 1023 930 1088 p.
956 1004 1031 1087 194)
1056 1000 1158 1067 docet.

14 1101 144 1166 {terum
180 1102 318 1184 theologi
353 1101 510 1167 linxerunt
537 1101 709 1170 Clementis
736 1106 896 1191 proprium
925 1105 1048 1170 librum.
1095 1102 1158 1167 Sed

14 1205 157 1288 sroprio
186 1205 304 1289 scripto
331 1203 390 1270 hoc
419 1214 638 1285 argumentum
661 1227 681 1271 a
703 1207 802 1273 Clem.
824 1213 991 1273 tractatum
1020 1225 1090 1271 esse
1120 1225 1157 1271 eo

14 1306 268 1391 ¹mprobabilius
297 1313 355 1386 est,
383 1307 457 1390 quia
483 1308 559 1372 satis
586 1309 712 1393 copiose
740 1308 799 1376 hac
827 1308 866 1376 de
894 1331 927 1374 re
954 1309 1020 1390 agit
1043 1309 1156 1375 Strom.

14 1405 50 1490 ll,
84 1409 261 1472 137-140
283 1429 313 1493 p.
339 1409 401 1472 502
429 1429 490 1492 sq.;
519 1409 571 1474 ubi
598 1410 709 1495 incipit
732 1410 780 1477 his
804 1413 920 1478 verbis:
948 1417 1092 1496 ζητοῦμεν
1116 1411 1156 1486 δέ,

14 1513 35 1574 ei
52 1513 209 1594 γαμητέον
227 1511 265 1576 ci.
284 1511 346 1575 140
360 1515 502 1594 γαμητέον
526 1512 572 1575 οὖν
596 1519 717 1582 πάντως.
754 1512 951 1598 Quamquam
968 1515 1020 1581 hic
1033 1516 1158 1581 locusa

14 1613 128 1681 Elem.
146 1613 305 1697 designari
320 1634 383 1680 non
401 1619 516 1700 potest,
530 1617 603 1700 quia
618 1615 825 1699 Paedagogus
840 1623 982 1702 tempore
998 1617 1159 1682 antecedit

14 1717 247 1785 stromatibus.
293 1714 403 1800 Neque
430 1722 537 1802 potest
563 1719 695 1784 inveniri
728 1717 910 1802 Paedagogi
942 1721 1041 1806 ipsius
1077 1719 1158 1785 ullus

14 1819 125 1902 locus,
150 1839 243 1903 quem
267 1819 424 1903 respiciat.
469 1818 652 1886 Dormitans
676 1820 772 1885 Clam.
798 1822 954 1904 integrum
977 1821 1036 1887 hoc
1059 1843 1158 1887 enun-

14 1925 141 1988 tiatum
166 1943 206 1988 ex
228 1921 371 1986 Musonio
395 1922 565 1988 transtulit.
608 1922 768 1989 Habemus
783 1925 879 2012 igitur
895 1945 957 1990 nou
975 1923 1157 2008 Clementia,

14 2024 84 2090 sed
109 2025 245 2090 Musonii
261 2025 352 2107 Λόγον
380 2025 441 2111 περὶ
470 2025 642 2112 ἐγκρατείας,
670 2027 794 2091 titulum
823 2027 889 2092 cius
911 2028 1010 2111 ipsius
1034 2029 1157 2112 capitiS,

17 2126 111 2210 quod
137 2127 321 2212 compilavit
344 2125 442 2193 Olem.
467 2127 580 2194 Strom.
604 2129 623 2194 l.
649 2148 675 2192 c.
699 2127 833 2210 Egregie
862 2130 947 2193 enirn
970 2123 1172 2215 comprobass

15 2235 86 2310 tur,
111 2227 196 2310 quod
212 2247 309 2313 supra
331 2249 360 2313 p.
378 2231 419 2292 32
436 2229 558 2295 ostendi
582 2230 642 2296 hoc
666 2229 862 2294 stromateon
879 2236 974 2315 caput
989 2231 1028 2295 ab
1045 2230 1156 2296 eodem

18 2330 133 2396 Stoico
165 2339 293 2395 auctore
323 2338 414 2414 atquc
441 2330 665 2414 Paedagogum
699 2331 907 2417 repetendum
943 2352 1022 2398 esse.
1068 2331 1159 2410 Quod

18 2440 124 2516 caput
146 2433 302 2514 integrum
326 2453 365 2498 ex
389 2433 491 2498 alieno
515 2433 600 2499 fonte
622 2434 810 2498 translatum
834 2455 915 2516 esse,
937 2435 1001 2499 iam
1017 2434 1158 2520 Bepnay·

20 2536 101 2615 sinc,
131 2555 202 2599 cum
231 2534 270 2599 de
297 2533 434 2620 Buzygis
463 2535 680 2602 devotionibus
709 2543 835 2618 ageret
853 2536 994 2602 ostendit
1016 2535 1101 2621 (Ber.
1128 2537 1158 2602 d.

21 2635 133 2700 Akad.
158 2656 195 2700 zu
218 2635 325 2700 Berlin
349 2638 442 2720 1876,
466 2659 497 2722 p.
523 2639 609 2721 607).

113 2735 150 2801 ln
173 2738 287 2803 nostris
310 2739 423 2816 litteris
447 2740 546 2804 sicubi
570 2739 646 2804 nihil
664 2741 740 2804 certi
758 2739 900 2822 traditur,
918 2740 1111 2807 divinatione
1128 2751 1160 2807 et
1195 2801 1198 2808 .

24 2841 210 2904 coniectura
236 2841 387 2906 utendum
411 2849 468 2907 ast.
514 2841 556 2906 Et
578 2842 659 2908 banc
682 2863 758 2909 sanc
786 2845 997 2910 coniecturam
1022 2844 1158 2910 Musonii

24 2961 106 3026 opus
122 2962 143 3007 a
158 2941 255 3008 Clam.
274 2944 475 3030 compilatum
492 2965 561 3010 esse
585 2945 722 3029 undique
745 2946 962 3012 confirmatam
986 2947 1089 3014 video.
1123 2947 1158 3012 ln
1278 2943 1283 2954 ’

24 3043 164 3111 Musonii
188 3045 315 3131 quidem
339 3066 507 3131 personam
532 3048 638 3112 omnia
661 3046 787 3130 cadunt,
812 3069 891 3132 quae
918 3049 958 3114 de
987 3047 1158 3116 Clementis

25 3154 156 3212 auctore
191 3150 331 3233 exposui.
375 3147 449 3235 Ipsa
486 3155 574 3214 aetas
612 3149 730 3233 optime
770 3150 910 3233 quadrat.
956 3150 1060 3218 Etiam
1097 3152 1158 3217 hoc

27 3255 278 3332 consentaneum
303 3257 350 3316 cst
372 3251 508 3336 Epicteti
533 3251 709 3317 doctrinam
732 3270 803 3317 curn
820 3251 1008 3337 Paedagcgo
1025 3274 1158 3320 consen-

26 3352 96 3434 tire,
132 3353 159 3417 si
192 3353 286 3418 modo
321 3351 400 3419 Mus.
437 3353 608 3420 Clementis
644 3359 753 3420 auctor
781 3361 837 3420 est.
883 3354 1045 3441 Epictetus
1073 3358 1157 3423 enim

28 3453 145 3519 scholis
172 3454 314 3521 interfuit
340 3453 486 3538 Musonii‚
516 3457 566 3522 cui
596 3464 746 3539 quantum
775 3457 892 3522 debeat
924 3479 963 3524 ex
996 3459 1056 3525 hoc
1089 3462 1157 3545 ipso

28 3575 186 3622 consensu
207 3556 284 3623 licet
305 3558 503 3623 concludere.
543 3556 652 3640 Neque
676 3557 845 3641 quidquam
868 3560 1012 3644 impedit,
1035 3565 1156 3645 quomi-

29 3678 86 3724 uus
118 3659 163 3724 eis
191 3658 279 3741 locis,
308 3661 420 3744 quibus
451 3660 616 3746 Epictetus
644 3666 676 3724 et
706 3658 851 3726 Clemens
879 3662 929 3726 val
957 3665 1060 3748 potius
1089 3667 1157 3730 eius

30 3768 139 3828 auctor
160 3761 255 3827 verbo
278 3767 370 3829 tenus
393 3767 579 3845 congruunt,
604 3767 780 3830 statuamus
808 3769 862 3828 aut
885 3762 1063 3850 Epictetum
1088 3787 1154 3831 me-

31 3864 159 3930 minisse
181 3863 333 3948 locorum,
358 3885 434 3949 quos
456 3866 489 3930 in
505 3863 641 3932 Musonii
656 3863 758 3949 Αόγοις
780 3865 909 3949 legerat,
933 3875 986 3932 aut
1009 3905 1048 3914 -
1072 3870 1156 3952 quod

31 3965 158 4030 forsitan
187 3965 380 4050 probabilius
403 3969 506 4034 sit-
530 3967 699 4034 Arrianum
727 3969 862 4036 Musouii
889 3970 977 4036 locos
1004 3971 1036 4035 in
1066 3991 1155 4037 suam

31 4087 93 4133 rem
119 4069 321 4134 convertisse.
357 4068 435 4134 Tum
458 4069 518 4136 hoc
540 4071 659 4156 optime
682 4073 867 4157 explicatur,
885 4072 969 4155 quod
985 4071 1156 4140 Clementis

33 4174 189 4236 auctorem
217 4169 259 4234 ad
287 4172 432 4255 cynicam
460 4171 659 4257 disciplinam
687 4193 881 4258 propensum
911 4193 981 4270 esse
1010 4175 1154 4244 vidimus.
