2878 4734
738 259 948 324 -30..

286 451 365 534 ἡμῖν
396 449 459 534 της
484 452 606 538 άρηυράς
627 450 647 535 η
668 451 722 534 τῆς
743 449 822 514 ἔδεέ
872 449 933 540 περί
954 451 1059 514 τούτων
1081 454 1153 514 πάνυ
1167 448 1293 514 δίκαιον.
1339 449 1397 511 37

285 556 454 643 φαντίνης
496 555 631 640 κλίνης,
679 558 742 640 τῆς
785 553 820 620 δὲ
873 555 1002 622 190.Ρ.
1035 553 1092 640 εἠῶ
1128 557 1259 642 δὲφημι
1290 552 1347 618 καί
1371 557 1406 612 τυ·

286 661 431 749 σισύρας
468 661 683 745 ίκανωτάτης
720 662 821 746 ούσης
871 661 1060 744 σκίμποδος
1088 661 1151 745 (sio
1171 659 1245 742 lego
1270 678 1342 746 pro
1363 655 1409 717 πού

286 765 542 855 ὑπεστρῶσθαι,
565 765 653 832 ιύστε
678 765 723 851 μὴ
752 768 819 831 δεῖ·
871 765 1075 850 σκίμποδας)
1090 763 1187 832 οὐδὲν
1202 763 1328 827 κακίω
1349 785 1411 848 παρ

286 871 366 936 σθαι
401 872 650 961 πορφυρίδοςὴ
679 874 819 960 φοινικί-
871 873 1038 958 εχομὲνυυ
1064 869 1160 956 (vulg.
1183 869 1412 957 παρεχομένους)

286 977 357 1053 δος,
381 1027 387 1040 .
412 1023 420 1042 .
446 964 632 1042 ,καίπίνειν
657 977 820 1063 ηενηύία
871 977 1071 1042 κατάκλισιν
1098 977 1160 1059 τῆς
1187 975 1237 1039 ἐλ.
1275 975 1412 1056 κλίνης.

286 1083 318 1146 ἐκ
351 1090 528 1172 κεραμεῶν
554 1085 694 1171 ποτηρίων
721 1088 818 1173 παρόν,
871 1086 933 1168 τῆς
957 1081 1166 1168 δὲσισύρας
1198 1080 1412 1162 ίκαυωτάτης

286 1192 351 1252 ά-τό
372 1211 403 1252 τε
424 1191 521 1276 δίψος
542 1189 818 1279 σβεννύεινπαρα-
872 1189 976 1273 οὔσης
1019 1185 1282 1273 ὑπεστρῶσθαι,
1339 1186 1412 1248 ὥστε

285 1295 415 1379 πλησίας
436 1297 542 1382 πέφυκε
562 1303 620 1367 τοῖς
640 1304 754 1386 χρυσοῖς
773 1297 820 1360 καί
871 1294 916 1380 μὴ
938 1293 1103 1359 δεῖσθαι
1128 1289 1411 1378 φυινικίδωνί,

284 1401 332 1464 τὸν
365 1399 530 1488 ἐγχεάμενον
563 1402 656 1474 αὐτοῖς
689 1403 760 1468 οἶνον
786 1403 818 1466 οὐ
870 1399 1102 1490 πορφυρίδων,
1115 1398 1329 1480 κατεγνῶσθαι
1347 1399 1412 1478 ὅμως

284 1506 498 1594 λυμαίνεται,
527 1508 618 1594 δορὴν
639 1509 671 1574 δέ
692 1531 734 1598 χε
747 1509 818 1593 ἡδίω
871 1508 924 1594 τῆς
948 1506 1092 1574 εὐτελείας
1116 1503 1143 1566 δί
1168 1500 1352 1590 ἀβελτερίαν
1373 1505 1410 1588 ἀρ

283 1618 341 1674 τῶν
372 1619 485 1700 χρυσῶν
518 1615 564 1677 καὶ
599 1621 656 1678 τῶν
693 1617 819 1702 ἀρηυρῶν
869 1619 992 1700 χεκάκυυ
1006 1611 1125 1700 τρυφῆς.
1142 1607 1265 1688 isses
1282 1606 1413 1673 fnmtuls

284 1719 441 1804 παρέχεται.
467 1717 601 1786 Omnino
613 1740 673 1805 quo
684 1719 819 1804 quidque
871 1717 1057 1786 Musoniano
1078 1729 1231 1794 agnosco:
1270 1709 1411 1776 Christos

285 1820 442 1890 difficilius
472 1829 607 1908 palatur,
642 1829 817 1909 usurpatur,
870 1820 996 1888 volebat
1023 1817 1130 1884 bibere
1152 1813 1244 1878 σκεύει
1269 1809 1412 1901 κεραμεῴ.

284 1933 433 2008 servetur,
461 1945 497 1991 eo
524 1926 614 2010 peius
641 1932 697 1992 est.
739 1931 758 1990 ἂ
783 1925 818 1991 δὲ
870 1944 933 2012 que
954 1921 994 1988 de
1009 1941 1043 1986 re
1058 1918 1136 1984 nihil
1149 1918 1290 2002 legimus
1311 1921 1349 1982 in
1366 1915 1410 1980 lli.

283 2029 448 2112 κτώμεθα
483 2028 529 2114 μὴ
565 2028 728 2115 χαλεπῶς
763 2033 818 2096 καί
869 2025 939 2092 Joh.
969 2028 1000 2104 4,
1022 2024 1042 2086 6
1064 2042 1106 2088 ss·
1134 2019 1191 2088 sed
1218 2019 1284 2085 hoo
1317 2019 1412 2086 Glem.

283 2132 483 2224 χρῶμενοιί)
528 2133 731 2220 ἐπαινοῦμεν
764 2139 818 2202 καί
870 2129 959 2196 linxit
983 2161 1022 2174 -
1045 2125 1221 2222 σβεννύναι
1246 2123 1290 2187 τὸ
1321 2125 1412 2207 δίψος

284 2241 504 2327 φυλάττομεν
538 2240 679 2327 ῥᾳδίως,
713 2250 818 2309 ταῦτα
869 2232 997 2302 εὐκολως
1028 2231 1166 2296 διδάσκων
1193 2227 1233 2296 cf.
1261 2231 1329 2309 373
1365 2227 1411 2290 35:

283 2348 397 2430 ἀμείνω.
433 2345 558 2412 Fiotilio
568 2345 662 2428 igitur
673 2351 706 2412 et
716 2346 819 2415 ferreo
869 2339 1035 2422 μεταδίδωσι
1056 2333 1243 2422 ποιότητοςή
1269 2333 1336 2418 ὕλη
1361 2331 1409 2416 (ss

283 2451 414 2517 meliora
464 2455 536 2514 sunt
584 2450 740 2530 argenteis
787 2458 819 2518 et·
869 2449 1020 2526 argentee
1042 2441 1091 2508 vel
1112 2437 1221 2524 aureo)
1243 2438 1409 2522 λυμαινο-

283 2554 401 2633 aureis,
443 2554 483 2616 ὅτι
517 2553 537 2638 ἡ
574 2559 672 2638 κτησις
712 2555 818 2620 τούτων
869 2548 941 2632 μὲνη
974 2547 1015 2638 τὸΙ
1039 2555 1144 2634 κρᾶμα,
1172 2544 1212 2608 38
1241 2547 1259 2606 ἃ
1292 2544 1335 2608 δὲ
1369 2541 1410 2606 καὶΙ

282 2657 474 2746 εὐμαρεστέρα
497 2694 503 2709 ·
529 2705 536 2722 .
561 2706 568 2722 .
593 2707 600 2722 .
624 2660 644 2743 ἥ
666 2681 696 2722 τε
718 2661 819 2749 χρῆσις
868 2652 1033 2736 κτώμεθα
1069 2650 1114 2736 μὴ
1151 2649 1326 2736 χαλεπῶς
1363 2646 1408 2712 καί

282 2765 386 2828 πλείων
409 2811 417 2828 ,
442 2811 448 2826 .
473 2765 492 2849 ἥ
514 2785 546 2826 τε
567 2762 683 2850 φυλακὴ
702 2767 817 2851 ἥττων·
869 2761 1044 2847 χρώμενοι
1078 2756 1232 2825 εὐκόλως
1254 2754 1408 2819 ἐπαιναῑν

282 2871 317 2932 τά
349 2870 402 2956 ηάρ
435 2867 538 2953 ἐὐτελῆ
571 2874 627 2944 τῶν
653 2870 817 2946 πολυτελῶν
869 2887 928 2949 μεν
954 2863 1012 2928 καὶ
1037 2863 1257 2950 φυλάττομεν
1281 2861 1409 2946 ῥηιδίως

282 2973 486 3058 ἐπιβουλεύεται
508 2959 592 3060 ἦττον
616 3023 623 3038 .
648 3023 655 3038 .
680 3023 687 3038 .
867 2970 915 3034 καί
938 2975 1123 3052 κοινωνοῦμεν
1148 2966 1276 3047 εὐκολως
1305 2965 1409 3040 αὐτῶν,

869 3070 1062 3161 (άμείνιυ).θ)
1080 3075 1191 3157 άμείναι
1211 3070 1249 3156 δὴ
1269 3072 1313 3134 τά
1339 3076 1408 3162 χρὴ·

868 3204 946 3264 σιμα,
984 3179 1087 3264 βελτίω
1124 3177 1155 3242 δὲ
1189 3177 1339 3262 δήπουθεν
1381 3179 1409 3240 τά

868 3287 1052 3374 εὐτελέστερα
1073 3293 1130 3352 τῶν
1151 3285 1306 3349 πλουσίων.

869 3388 1227 3477 ωπωρωπ

281 3563 485 3577 nnn—un——p-n

369 3665 388 3733 ¹)
405 3663 514 3718 Jacobs
538 3670 567 3718 el
592 3666 720 3720 Meineke
745 3665 790 3720 hio
816 3682 850 3720 ex
877 3664 961 3722 Olem.
987 3659 1103 3724 εὐκόλως
1127 3657 1307 3720 inseruerunt.
1350 3665 1406 3720 Sed

220 3743 222 3748 ’
281 3767 382 3816 vereor,
402 3766 435 3804 ne
454 3751 506 3806 hoo
523 3767 576 3806 non
591 3751 698 3806 librarii
715 3750 962 3820 neglegentio‚·sed
975 3751 1033 3806 eius
1048 3751 1102 3820 qui,
1120 3754 1150 3804 ul
1161 3749 1229 3806 infre
1241 3747 1406 3816 videbimus,

282 3836 466 3892 Mus-librum
484 3836 626 3908 exoerpsil,
645 3837 681 3890 sit
699 3835 836 3892 omissum.

366 3921 572 3994 2)να130,ροεί
594 3921 721 3992 χαλεπῶς
743 3921 939 3992 interpungunt
961 3926 989 3975 el
1011 3921 1151 3994 epodosim
1179 3919 1323 3989 incipiunt,
1345 3927 1406 3976 tum

280 4007 380 4076 legitur
407 4001 512 4063 αὐτῶν.
537 4001 640 4078 ἀμείνω
668 4003 706 4063 δὲ.
742 4007 819 4075 Quod
845 4024 899 4062 non
930 4007 1064 4079 probabit,
1095 4006 1140 4078 qui
1169 4005 1300 4063 attentius
1330 4006 1406 4076 leget

281 4095 373 4159 Olem„
404 4110 483 4165 quom
511 4093 632 4166 plerique
659 4094 749 4148 solent
768 4093 846 4147 ¹tales
873 4095 1021 4164 scriptores
1047 4093 1143 4161 legere.
1179 4091 1314 4161 Equidem
1341 4092 1405 4150 loeo

281 4179 408 4252 opituler'i
426 4179 526 4246 studui,
545 4179 594 4234 sed
611 4195 707 4236 vereor
723 4195 757 4234 ne
776 4179 816 4234 Ol.
834 4179 912 4232 nimis
930 4179 1096 4232 mutilaverit
1114 4179 1232 4232 auctoris
1250 4178 1342 4233 verbo
