2878 4734
241 698 536 800 Sententiae
581 695 950 800 controversae.

541 921 642 928 ‘-

17 1041 63 1103 1.
100 1037 202 1103 (ilem.
237 1036 333 1102 Paed.
366 1035 420 1118 ΙΙΙ,
454 1039 495 1100 53
522 1058 553 1121 p.
581 1037 644 1099 285
672 1035 707 1100 P.
742 1035 871 1120 propria
896 1033 1070 1098 Stoicorum
1099 1053 1158 1097 vorr

27 1183 30 1188 -
99 1139 297 1204 restituenda
320 1147 382 1204 est:
405 1140 515 1202 biduom
540 1139 588 1201 οὖν
611 1141 678 1221 ἡμῖν
694 1139 708 1200 ὁ
725 1138 900 1220 παιδαγωγὸς
918 1136 1019 1220 ἐσθῆτι
1033 1137 1160 1223 χρῆσθαι
1237 1138 1239 1142 ’

100 1243 142 1325 τῇ
168 1241 246 1324 λιτῇ,
275 1247 348 1328 χρόᾳ
370 1243 402 1306 δέ
423 1267 461 1328 τῃ
484 1244 587 1326 λευκῇ,
608 1245 655 1306 ίνα
670 1243 711 1326 μὴ
733 1245 821 1328 τέχνῃ
847 1242 1059 1324 παικιλλυμένιμ,
1080 1243 1160 1327 φύσει

100 1346 132 1408 δὲ
155 1349 321 1432 ἡνιομένῃ
347 1349 444 1432 (vulg.
461 1351 639 1433 γεννωμένῃ)
663 1349 839 1430 οἰκειούμενοι
861 1347 924 1409 κτλ.

21 1455 69 1514 2.
100 1450 179 1515 ibid.
208 1451 245 1533 ll,
275 1453 316 1514 66
345 1475 374 1538 p.
402 1455 466 1518 208
495 1454 527 1520 P.
557 1453 645 1536 lego:
672 1452 738 1523 τοὺς
764 1455 898 1540 πρότερον
925 1448 1061 1518 δειλοὺς
1088 1449 1160 1533 (pro

102 1555 217 1641 φίλους)
261 1554 477 1640 ἀληλιμμένους
518 1565 600 1621 τοῦτο
643 1559 767 1646 ἐκτρέπει
804 1559 845 1627 εἰς
880 1557 913 1618 τὸ
929 1544 934 1554 ’
949 1563 1003 1640 τῆς
1040 1554 1162 1638 ἀμυνίας

100 1664 265 1744 πάμμαχον.
1184 1733 1186 1737 Ι

31 1765 73 1826 3.
103 1761 574 1849 Sententiarumverborumque
587 1761 1161 1849 consensusinepidicticis‚imprimis

103 1865 286 1931 funebribus
314 1864 506 1932 Graecorum
536 1868 729 1934 orationibus
753 1867 863 1932 obvius
886 1866 951 1931 fere
978 1863 1054 1929 inde
1076 1871 1162 1928 ortus

106 1981 166 2050 est,
188 1969 270 2053 quod
295 1989 314 2034 a
337 1968 474 2051 Gorgiae
496 1971 690 2056 temporibus
712 1971 774 2036 loci
791 1989 974 2034 communes
998 1968 1028 2030 in
1047 1965 1162 2032 scholis

102 2069 309 2136 tradebantur
331 2072 501 2156 paucisque
518 2075 647 2139 mutatis
671 2074 711 2138 ab
727 2072 904 2138 oratoribus
922 2069 1161 2134 adhibebantur.

38 2175 76 2236 4.
104 2171 154 2235 Ex
177 2171 383 2238 similitudine
405 2184 672 2256 argumentorum,
700 2175 870 2259 praecipue
899 2192 1018 2251 eorum,
1041 2189 1121 2253 quae
1144 2189 1163 2233 a

104 2275 199 2340 rebus
223 2275 337 2342 divinis
360 2277 461 2361 petita
483 2283 565 2358 sunt,
588 2276 723 2342 efficitur
744 2275 928 2357 tetralogias
951 2275 1050 2358 ipsius
1074 2274 1163 2338 Anti·

105 2376 233 2461 phontis
255 2397 335 2443 esse.

45 2483 81 2542 5.
108 2477 290 2544 Andocides
305 2480 337 2545 in
354 2481 515 2564 prooemio
532 2501 575 2547 or.
592 2480 621 2562 Ι,
638 2480 749 2566 Lysias
765 2479 851 2560 xlx,
866 2483 897 2560 2,
913 2478 1070 2544 Isocrates
1093 2476 1163 2559 XV,

107 2583 146 2642 17
175 2600 220 2663 sq.
257 2580 392 2646 eandem
426 2585 657 2667 prooemiorum
690 2584 910 2649 collectionem
944 2580 1164 2665 compilarunt,

106 2700 200 2764 quam
223 2681 425 2766 Antiphontis
447 2683 545 2750 fuisse
567 2706 607 2750 err
630 2684 756 2752 dicendi
779 2705 896 2768 genere
920 2682 1083 2748 concludo.

48 2785 81 2847 6.
108 2781 330 2868 Aristophanis
353 2784 467 2849 Avium
489 2809 517 2850 v.
536 2789 616 2852 1081
641 2788 711 2872 lege
737 2796 795 2859 τοῖς
822 2811 854 2852 τε
881 2789 1032 2873 κοψίχοισιν
1060 2785 1091 2854 ές
1112 2785 1165 2852 τὰς

109 2891 186 2973 ῥῖνας
209 2887 299 2952 ἐνδεῖ
321 2891 357 2952 τοί
380 2897 468 2980 πτερά
492 2889 562 2977 (pro
585 2893 685 2980 ἐγχεῖ).

52 2993 84 3056 7.
110 2991 288 3058 Heraclitus
298 2992 520 3076 allegoriarum
533 2993 771 3062 Homericarum
786 2997 919 3081 scriptor
930 2994 1165 3062 accuratissime

109 3094 229 3160 hiatum
252 3095 370 3161 vitavit.

52 3198 82 3259 8.
107 3195 232 3262 Heracl.
260 3197 313 3263 all.
337 3196 429 3265 Hom.
458 3199 612 3266 cxviii
640 3223 668 3287 p.
692 3204 733 3266 38
756 3201 878 3269 Mehler
903 3201 1074 3282 legendum
1104 3207 1166 3266 est:

109 3297 160 3386 ἀφ’
184 3299 216 3362 οὔ
232 3302 334 3388 μέρους
348 3293 450 3390 ἤρξατ’
475 3306 532 3366 ἀνο
538 3313 631 3388 μεῖν,
647 3307 688 3376 είς
707 3312 789 3368 τοῦτο
806 3305 954 3392 ὑφίσταται
969 3303 1166 3386 κολαζόμενον

110 3403 198 3486 (mss.
222 3413 304 3482 νοεῖν,
328 3405 450 3474 Mehler
471 3409 587 3491 νοσεῖν).

58 3507 87 3569 9.
113 3504 273 3574 Ciceronis
308 3511 546 3596 apophthegma
577 3512 658 3578 Plut.
693 3514 745 3577 vit.
781 3509 845 3577 Cic.
880 3531 906 3576 c.
943 3512 985 3574 26
1022 3513 1167 3573 νεανίσκου

110 3609 140 3672 δέ
162 3633 236 3681 τινος
268 3614 332 3676 κτλ.
390 3613 432 3678 ad
465 3612 602 3680 Cluentii
636 3633 766 3681 causam
800 3615 938 3701 pertinet
971 3615 1167 3697 multumque

113 3713 260 3782 valetud
283 3716 378 3783 fidem
401 3717 499 3801 ipsius
522 3718 655 3784 oratoris
677 3717 910 3783 infirmandam.

37 3817 87 3881 10.
112 3816 221 3884 Gicero
245 3821 276 3884 in
299 3820 388 3885 libris
409 3817 457 3883 De
479 3819 642 3905 republica
658 3827 691 3886 et
707 3819 755 3886 De
777 3820 899 3903 legibus
922 3817 983 3884 sibi
1006 3819 1169 3903 proposuit

114 3920 281 3987 ostendere
330 3923 469 4014 romanis
495 3923 664 4007 institutis
709 3923 894 4006 legibusque
938 3921 1168 4006 repraesentari

112 4023 271 4107 perlectae
299 4024 493 4109 reipublicae
521 4024 658 4106 effigiem
686 4030 718 4089 et
751 4023 923 4108 exemplar,
952 4022 1043 4106 quale
1072 4021 1169 4088 Stoici

112 4125 282 4206 lingebant.
