2878 4734
740 312 931 373 ,6-

359 498 473 566 Adhuc
509 498 578 566 sola
614 499 772 584 principia
805 500 917 579 stoice,
952 499 1063 582 quibus
1101 500 1191 583 quasi
1228 499 1412 566 continetur

274 607 494 682 argumentum
510 601 639 668 alterius
656 607 688 666 et
698 602 784 667 tertii
798 601 870 668 libri
884 599 1024 683 adhibui,
1041 606 1076 668 ut
1090 601 1259 687 probarem
1271 603 1410 668 stoicum

272 705 387 770 librum
410 724 429 770 a
452 704 616 771 Clemente
639 705 844 790 compilatum
867 723 946 771 esse.

332 839 336 858 ·
359 807 439 874 Sunt
461 827 534 874 uero
558 808 651 873 etiam
676 807 740 872 alia
760 807 895 890 vestigia
916 826 980 872 non
1001 825 1114 892 pauca,
1131 807 1244 890 quibus
1263 805 1408 872 Stoicum

272 910 548 998 deprehendimus.
589 910 683 977 Velut
696 911 868 996 plurimum
883 930 999 996 operae
1015 911 1209 978 consumitur
1222 912 1256 976 in
1272 911 1408 994 singulis

272 1014 401 1080 vocibus
424 1012 612 1080 definiendis
636 1019 668 1080 et
690 1014 720 1078 ri
743 1034 851 1080 earum
880 1013 1084 1080 subtilissime
1112 1032 1184 1079 eum
1212 1013 1409 1099 explicanda

271 1124 339 1183 tum
356 1114 580 1199 distinguenda
602 1135 622 1181 a
644 1117 839 1202 synonymis.
878 1114 968 1192 Quod
990 1117 1184 1199 argutiarum
1206 1136 1307 1199 genus
1324 1117 1407 1182 Stoi-

272 1239 380 1286 uomm
402 1220 563 1304 proprium
591 1224 649 1286 est.
692 1219 796 1302 Atque
825 1217 910 1284 haud
936 1237 1055 1303 paucas
1083 1217 1294 1300 definitiones,
1324 1239 1407 1304 quae

270 1322 417 1405 leguntur
438 1319 524 1406 apud
548 1319 757 1403 Clementem,
784 1320 912 1406 probari
938 1326 1045 1406 potest
1070 1340 1199 1406 prorsus
1227 1320 1332 1388 isdem
1355 1324 1406 1388 vel

271 1423 425 1491 similibus
448 1422 552 1488 verbis
575 1423 607 1488 in
631 1422 747 1490 scholis
764 1421 940 1489 Stoiccmm
961 1422 1096 1490 beditas
1119 1423 1199 1491 esse.
1234 1422 1405 1492 Sollemnis

273 1526 401 1611 quidem
424 1523 510 1611 apud
532 1524 603 1592 illos
626 1532 674 1592 est
695 1525 873 1610 sapientiae
896 1524 1047 1609 definitio,
1071 1545 1151 1610 quae
1173 1525 1211 1609 ll,
1227 1528 1268 1591 26
1291 1549 1324 1613 p.
1342 1531 1402 1592 181

269 1628 305 1695 P.
321 1629 478 1694 invenitur
492 1629 602 1705 „belm
615 1629 663 1692 καὶ
677 1629 862 1717 ἀνθρωπίνων
877 1635 1050 1717 πραγμάτων
1065 1630 1238 1716 ἐπιστήμηίί.
1261 1627 1301 1714 Η,
1315 1635 1357 1695 12
1372 1653 1402 1717 p.

272 1733 331 1795 171
348 1730 383 1798 P.
400 1731 632 1816 distinguuntur
647 1735 728 1800 inter
743 1755 777 1800 se
793 1739 825 1800 et
847 1733 1038 1801 definiuntur
1060 1737 1213 1824 ὀψοφαγία,
1237 1737 1401 1824 λαγιαργία,
1430 1745 1431 1756 ’

269 1836 472 1922 γαστριμαργία
494 1837 533 1901 cl.
557 1836 607 1903 Ps.
632 1835 857 1920 Andronicum,
880 1839 934 1922 qui
956 1839 1022 1906 lere
1044 1841 1164 1926 pendet
1186 1861 1206 1906 a
1229 1839 1355 1922 Stoicis,
1371 1863 1401 1927 p.

271 1943 311 2005 19
338 1939 388 2006 ed.
417 1940 622 2022 Kreuttner¹).
667 1939 704 2022 ΙΙ,
728 1942 770 2004 26
792 1960 822 2026 p.
848 1942 909 2005 182
932 1942 967 2010 P.
991 1943 1213 2012 describuntur
1234 1947 1324 2031 μέθη,
1348 1971 1401 2010 πα·

269 2045 365 2132 ραινία,
389 2045 543 2132 κραιπάλη,
568 2043 610 2108 46
633 2065 663 2129 p.
682 2045 743 2110 196
758 2042 793 2108 Ρ.
810 2045 898 2137 uaria
919 2045 1001 2112 risus
1023 2067 1151 2130 genera,
1174 2052 1217 2114 62
1238 2071 1270 2136 p.
1289 2054 1352 2116 199
1368 2051 1400 2118 Ρ.

269 2151 462 2240 αἰαχραλαγία.
497 2147 576 2214 Cum
594 2147 649 2229 eis,
674 2166 754 2230 quae
777 2145 924 2229 leguntur
946 2146 986 2214 de
1008 2149 1126 2236 λαγνείᾳ
1149 2154 1226 2234 §93
1241 2175 1272 2240 p.
1286 2157 1351 2218 225
1368 2155 1400 2222 P.

268 2253 479 2322 conferendus
517 2251 568 2318 Ps.
602 2249 803 2316 Andronicus
842 2249 863 2314 l.
892 2250 912 2316 l.
939 2271 971 2336 p.
1005 2256 1057 2335 19,
1091 2256 1140 2320 10.
1178 2255 1255 2321 Tum
1291 2257 1310 2342 ξ
1342 2261 1401 2324 128

268 2381 298 2445 p.
328 2362 390 2423 247
419 2357 453 2424 Ρ.
483 2354 781 2423 circumscribuntur
807 2353 922 2438 λιτότης
949 2354 1003 2440 (cf.
1030 2357 1083 2441 ΙΙΙ,
1112 2361 1153 2424 25
1180 2381 1211 2446 p.
1240 2363 1304 2425 268
1334 2363 1399 2446 Ρ.),

267 2463 408 2546 ἱκανότης,
425 2461 585 2549 αὐτάρκεια.
620 2456 708 2522 Haec
723 2462 774 2524 est
794 2448 874 2535 ,ἕξις
897 2463 1058 2549 ἀρκουμένη
1081 2465 1122 2533 ele
1144 2465 1246 2528 δεῖκαὶ
1260 2467 1295 2528 δι’
1311 2466 1400 2552 αὐτῆς

266 2567 410 2657 ποριστικὴ
424 2575 482 2631 τῶν
502 2566 572 2656 πρὸς
589 2564 637 2627 τὸν
661 2569 798 2651 μακάρων
822 2567 1031 2631 συντελούντων
1055 2568 1137 2653 βίαν“
1160 2568 1213 2652 (αΙ.
1238 2573 1257 2632 7
1282 2591 1312 2656 p.
1337 2573 1398 2635 167

266 2672 300 2738 Ρ.
326 2673 367 2736 16
389 2693 420 2758 p.
446 2673 507 2736 176
530 2669 564 2734 Ρ.
589 2669 630 2732 39
653 2688 684 2754 p.
710 2670 770 2732 191
801 2669 862 2755 Ρ.).
906 2670 1013 2740 Ρααιια
1040 2673 1140 2741 isdem
1171 2673 1274 2740 uerbis
1301 2675 1399 2740 utitur

266 2774 317 2842 Ps.
341 2773 539 2841 Andronicus
571 2762 651 2850 „tte
679 2773 839 2860 ἀρκουμένγ
867 2775 908 2844 οἷς
936 2775 977 2838 δεῖ
1005 2776 1052 2840 καὶ
1078 2774 1113 2840 δι’
1142 2775 1233 2861 αὐτῆς
1254 2777 1397 2864 παριατικὴ

266 2887 326 2942 τῶν
348 2879 419 2966 πρὸς
440 2879 472 2941 τὸ
496 2884 554 2964 ζῆν
577 2902 615 2942 κα
658 2881 788 2940 κόντων“
811 2877 1024 2961 (Schuchardt
1045 2901 1075 2966 p.
1099 2884 1151 2966 24,
1177 2882 1242 2968 10).
1276 2880 1397 2949 Ibidem
1428 2953 1429 2956 ,

265 2987 392 3050 εὐτέλεια
415 3003 486 3050 esse
509 2984 624 3050 dicitur
645 2973 703 3057 ἕξις
726 2985 915 3071 ἀνυπέραρτας
938 2985 968 3047 ἐν
983 2985 1119 3056 δαπάναις
1137 2985 1185 3049 καὶ
1207 2995 1397 3075 παρασκευαῖς

265 3091 310 3175 (p.
333 3092 385 3171 24,
408 3085 452 3172 4).
499 3086 598 3153 Huius
620 3087 681 3155 loci
705 3107 766 3173 ope
788 3089 833 3154 sie
857 3087 992 3154 emendo
1016 3087 1212 3156 Clementem
1235 3090 1287 3173 ΙΙΙ,
1307 3094 1347 3155 41
1364 3112 1394 3177 p.

264 3194 327 3256 278
357 3190 405 3258 P.:
433 3191 454 3276 ἡ
477 3191 604 3254 εὐτέλεια
631 3181 689 3265 ἕξις
717 3191 789 3255 οὖσα
817 3191 974 3276 ἀνελλιπὴς
1002 3193 1031 3256 ἐν
1058 3194 1195 3265 δαπάναις
1219 3203 1283 3265 ταῖς
1311 3197 1351 3266 εἰς
1377 3199 1395 3257 d

262 3296 321 3385 χρὴ
358 3297 405 3358 καὶ
438 3296 485 3383 ἐφ’
520 3297 585 3360 ὅσον
619 3298 676 3384 χρὴ
707 3297 853 3360 τελεῖσθαι
887 3299 1092 3384 πραςηιωὺσαις
1125 3299 1235 3383 (vulgo
1263 3290 1394 3374 ἐξιαοῦσα

263 3411 297 3468 et
329 3403 491 3465 ἀνελλιπέαι
513 3403 563 3485 h).
609 3400 752 3486 Denique
787 3391 912 3479 εὐταξία,
948 3404 1044 3470 virtus
1067 3424 1087 3470 a
1110 3403 1223 3470 Stoicis
1257 3407 1394 3470 maxime

263 3506 422 3572 celebrato
451 3507 506 3588 (cl.
536 3504 601 3571 Cic.
629 3504 669 3569 de
699 3503 750 3570 off.
778 3504 802 3588 l,
831 3508 905 3586 142)
933 3514 1026 3591 atque
1054 3506 1149 3573 etiam
1179 3525 1199 3570 e
1229 3505 1393 3574 Clemente

261 3627 319 3694 per
351 3616 451 3675 totum
484 3609 599 3675 librum
634 3607 858 3674 commendata
892 3609 1086 3694 summisque
1120 3609 1204 3675 elate
1236 3610 1392 3695 laudibus,

260 3709 366 3778 finitur
387 3710 440 3794 ΙΙΙ,
463 3713 504 3775 86
527 3732 558 3797 p.
582 3711 645 3775 303
667 3709 718 3793 P.;
742 3712 794 3795 qui
816 3711 905 3778 locus
929 3712 1161 3798 comparandus
1183 3721 1234 3781 est
1254 3733 1326 3779 cnm
1342 3713 1390 3780 Ps.

262 3813 359 3881 Andr.
382 3834 412 3899 p.
436 3815 490 3897 24,
512 3815 532 3877 8
556 3813 627 3880 Seh.
652 3821 684 3880 et
706 3814 843 3881 Stobaeo
867 3816 926 3881 ecl.
944 3816 1008 3882 eth.
1032 3836 1063 3901 p.
1081 3817 1144 3880 106
1166 3815 1217 3899 H,
1241 3817 1292 3899 61,
1309 3819 1391 3880 7-9
1426 3897 1427 3906 γ

261 3915 475 3983 Wachsmuth.
520 3915 609 3983 Alias
648 3915 847 3982 definitiones
885 3918 918 3983 in
957 3918 1142 4003 paedagogo
1180 3919 1291 3986 obvias
1328 3921 1390 3985 iam
1426 3917 1427 3973 l

347 4072 366 4136 ¹)
384 4069 536 4123 Andronici
559 4068 605 4137 qni
628 4067 715 4121 lentur
735 4067 822 4122 libelli
845 4087 874 4122 π.
893 4072 997 4122 παθῶν
1018 4087 1084 4141 pars
1101 4070 1176 4141 prior
1194 4071 1228 4124 de
1246 4071 1390 4126 affectibus

259 4154 303 4210 ed.
320 4153 472 4208 Kreuttnsr
490 4154 694 4220 Heidelbergae
714 4155 789 4219 1884,
807 4171 871 4225 pers
890 4155 980 4211 altera
998 4157 1032 4210 de
1050 4157 1198 4210 virtutibus
1216 4161 1245 4210 et
1257 4155 1330 4209 vitiis
1348 4158 1389 4211 ed.

258 4239 438 4304 Schuchardt,
459 4240 621 4293 Darmstadt
641 4239 716 4293 1883.
776 4283 784 4294 .
