2878 4734
32 469 223 536 Stoicorum
247 468 412 535 formulam
436 469 637 551 agnoscimus
660 469 719 551 I‚8
743 490 774 554 p.
792 472 853 536 102
870 468 903 534 P.
921 470 1101 560 crappum
1123 469 1175 555 μὲν

32 581 100 636 τῶν
124 575 283 662 πρακτέων,
308 574 491 662 ἀπαγορεύσει
511 571 541 636 δὲ
558 579 615 634 τῶν
639 573 772 636 ἐναντίων
796 573 849 656 (cf.
875 575 962 640 Stob.
987 577 1044 642 ecl.
1058 576 1120 642 eth.
1145 597 1175 662 p.

35 679 108 742 192
132 676 171 745 Η.
194 677 237 741 96
259 675 318 760 W,
341 677 395 743 ubi
416 675 673 744 Wachsmuthins
693 678 756 742 alia
777 678 881 744 attulit
899 679 1093 760 testimonia,
1111 678 1175 744 Cic.

35 781 83 846 de
104 780 168 863 leg.
184 778 207 862 l,
225 781 286 860 18),
311 779 443 846 eandem
468 786 600 866 usurpat
621 778 644 862 l,
668 781 709 843 65
731 800 762 864 p.
781 783 842 843 137
866 779 899 847 P.
923 779 947 862 l,
972 783 991 844 9
1014 802 1044 866 p.
1064 783 1124 846 102
1142 781 1176 847 P.

34 883 118 948 Alie
139 881 281 948 eiusdem
301 881 428 948 scholae
445 883 581 948 formula
596 882 674 949 satis
691 888 767 949 nota
782 884 941 948 invenitur
959 881 982 966 l,
1006 885 1048 947 64
1065 905 1096 969 p.
1115 885 1177 947 136

36 986 77 1053 Ρ.
96 986 233 1052 iusticia
246 991 295 1048 τοῦ
310 984 373 1048 κατ’
390 976 471 1060 ἀξίαν
487 986 599 1073 ἑκάστῳ
620 984 725 1070 [vulgo
741 986 875 1072 ἑκάστου]
894 987 967 1051 ἐστίν
983 990 1176 1072 ἀπονεμητική

37 1090 83 1156 cf.
110 1088 196 1154 Stob.
226 1089 284 1157 ecl.
313 1089 374 1157 eth.
407 1093 467 1156 102
496 1091 533 1157 Η.
563 1094 604 1155 59
635 1090 682 1159 W.
713 1093 776 1157 104
802 1092 841 1159 Η.
866 1093 907 1157 60
929 1090 977 1157 W.
1000 1094 1176 1179 δικαιοσύνην

38 1195 203 1278 ἐπιστήμην
227 1195 434 1280 ἀπανεμητικήν
454 1198 509 1280 τῆς
533 1185 616 1270 ἀξίας
635 1195 758 1282 ἑκάστῳ,
780 1196 865 1263 unde
881 1196 1038 1264 Clementi
1055 1199 1177 1268 restitui

38 1299 123 1364 illud
139 1287 262 1385 ἑκάστῳ,
279 1298 342 1366 Cic.
357 1299 398 1365 de
410 1301 469 1382 leg.
488 1299 510 1382 Ι,
525 1302 575 1383 19,
591 1300 755 1367 Hierocles
771 1302 803 1365 in
816 1320 929 1366 comm.
943 1300 985 1366 ad
997 1321 1094 1368 carm.
1111 1322 1176 1367 aur.

40 1423 74 1488 p.
88 1402 178 1468 54Μ.
196 1401 296 1486 47111,
314 1402 403 1467 68Μ.
419 1401 514 1485 79N,
527 1403 617 1468 83M.
635 1401 720 1469 85N.
744 1401 846 1480 Quid?
867 1403 951 1487 quod
967 1405 998 1469 in
1013 1404 1177 1472 Clemente

40 1505 68 1588 I,
79 1508 210 1571 39-52
222 1528 252 1592 p.
261 1510 321 1570 121
336 1507 407 1590 Psq.
414 1507 589 1573 Stoicorum
603 1506 643 1571 de
656 1507 792 1574 hominis
804 1508 1023 1593 procreatione
1035 1507 1178 1575 doctrina

41 1610 224 1676 accuratius
237 1610 404 1694 exponitur
416 1629 509 1692 quam
527 1610 559 1674 in
574 1609 714 1676 imstulis
729 1610 839 1694 paucis
855 1609 941 1695 apud
956 1609 1177 1697 doxographos

41 1710 228 1795 servatis¹)?
262 1710 367 1778 Etiam
389 1711 484 1797 plane
508 1710 623 1794 eidem,
646 1712 729 1796 quod
751 1712 783 1777 in
807 1712 905 1778 altero
929 1731 966 1778 ac
988 1715 1082 1780 tertio
1097 1714 1177 1781 libro

42 1816 253 1901 repperimus,
270 1814 375 1881 studio
399 1815 621 1882 vocabulorum
637 1815 700 1880 vim
718 1813 900 1897 definiendi,
917 1817 1070 1897 originem
1085 1817 1176 1882 inda·

43 1917 143 1999 gandi
165 1916 347 1999 indulgetur
370 1916 393 2000 l,
416 1917 467 1984 65.
492 1917 533 1980 66
555 1938 587 2003 p.
612 1920 673 1980 137
701 1916 746 2001 Ρ.,
775 1919 901 1981 75-87
930 1939 960 2003 p.
987 1921 1048 1983 143
1072 1917 1105 1983 P.
1131 1940 1177 2004 sq.

43 2019 68 2103 l,
92 2023 135 2084 55
161 2040 192 2105 p.
218 2021 281 2085 130
303 2019 338 2085 Ρ.
368 2020 615 2086 clarissimorum
648 2040 758 2103 regum
793 2020 878 2086 velut
911 2019 1048 2107 Philippi
1083 2028 1178 2106 atque

45 2122 221 2188 Alexandri
265 2128 298 2188 et
333 2124 627 2208 potentissimorum
663 2124 800 2190 virorum
837 2125 968 2190 vesania
1005 2126 1179 2208 castigatur

45 2225 223 2291 Stoicorum
252 2225 301 2290 vel
325 2224 515 2310 Cynicorum
544 2244 631 2292 more
658 2225 851 2310 modoque¹).
896 2224 920 2308 l,
944 2246 970 2291 c.
996 2228 1036 2291 13
1059 2248 1091 2313 p.
1117 2229 1178 2291 159

43 2328 78 2394 Ρ.
103 2349 148 2412 sq.
173 2348 242 2394 cum
267 2329 336 2414 ipse
352 2328 499 2395 Clemens
522 2327 679 2412 significet
701 2349 735 2396 se
759 2349 778 2394 a
801 2328 913 2396 Stoicis
935 2329 1089 2414 pendere,
1111 2335 1178 2396 tum

42 2430 190 2498 Potterus
224 2431 284 2496 boc
317 2431 362 2496 ita
395 2432 551 2517 probavit,
580 2436 616 2498 ut
648 2432 737 2497 nulla
769 2433 870 2517 possit
903 2452 974 2498 esse
1010 2431 1177 2499 dubitatio.

43 2533 107 2599 Sed
136 2533 215 2599 haec
242 2528 404 2599 hactenus.
450 2532 589 2599 Stoicum
618 2535 702 2599 enim
731 2534 851 2601 fontem
880 2535 975 2601 etiarn
1009 2536 1042 2599 11
1075 2537 1178 2621 primo

43 2637 125 2703 libro
163 2655 183 2701 a
218 2635 384 2702 Clemente
421 2636 627 2720 compilatum
665 2656 735 2702 esse
769 2638 832 2701 iam
870 2640 1072 2724 perspicuum
1109 2658 1179 2704 esse

45 2739 177 2806 videtur.
225 2738 275 2805 An
297 2739 383 2804 idem
406 2746 515 2804 auctor
538 2739 588 2820 sit,
613 2759 705 2822 quem
734 2740 766 2804 in
796 2739 896 2806 altero
924 2746 958 2806 et
979 2743 1074 2806 tertio
1099 2742 1179 2808 libro

45 2842 200 2925 adhibuit,
228 2840 329 2907 fateor
351 2840 487 2906 dubitari
510 2861 615 2926 posse.
662 2841 725 2908 Sed
752 2844 878 2908 interim
901 2842 996 2910 liceat
1018 2843 1096 2909 mihi
1119 2843 1179 2909 hoc

45 2965 100 3031 pro
124 2951 211 3011 certo
234 2964 370 3026 sumere,
394 2944 475 3028 quod
500 2951 629 3030 propter
657 2944 820 3012 doctrinae
847 2946 1088 3012 similitudinem
1114 2947 1178 3011 veri

45 3165 206 3220 Aristotelis
233 3165 343 3235 quidem
369 3181 438 3235 quos
470 3165 550 3218 affert
577 3165 654 3220 locos
680 3167 833 3236 putaverim
860 3166 1022 3222 Ciceronem
1056 3184 1091 3221 ex
1119 3169 1179 3239 ipso

46 3252 198 3308 Posidonio
217 3251 399 3305 transtulisse.
524 3239 531 3252 ⁶

129 3337 317 3407 Protrepticos
346 3337 431 3390 libros
459 3337 557 3392 Cicero
588 3337 671 3392 etiem
702 3342 815 3392 secutus
846 3342 890 3392 est
915 3339 944 3391 in
971 3339 1097 3392 laudibus
1124 3339 1180 3392 iliis

44 3423 242 3494 philosophiae,
257 3438 326 3492 quas
339 3423 443 3493 passim
457 3421 536 3476 libris
548 3423 604 3476 suis
623 3423 744 3478 inseruit.
772 3423 897 3478 Indidem
911 3425 1027 3478 fortasse
1042 3426 1180 3480 Stobaeus

43 3510 136 3564 hausit
147 3509 176 3562 in
186 3509 329 3580 deperdito
342 3508 499 3578 eclogarum
510 3510 658 3563 ethicorum
670 3510 808 3580 prooemio
818 3510 883 3576 (vol.
893 3511 914 3574 I,
927 3527 953 3579 p.
964 3512 1050 3575 6W.).
1072 3511 1181 3577 Quanta
1236 3526 1248 3546 ·

45 3595 124 3650 huius
148 3595 257 3664 generis
279 3594 409 3648 librorum
431 3595 584 3665 posteriore
608 3599 700 3649 aetate
725 3597 806 3666 copia
829 3595 918 3657 inerit,
937 3612 971 3648 ex
990 3597 1026 3650 M.
1045 3596 1180 3649 Antonini

45 3682 77 3747 (I,
96 3683 123 3748 7)
148 3681 372 3736 fastidiosorum
395 3679 462 3734 licet
485 3680 659 3735 concludere.
696 3683 760 3751 lpse
778 3681 922 3750 Augustus
941 3682 1120 3735 Hortutionee
1145 3681 1179 3732 ed

45 3767 244 3837 philosophiam
263 3766 429 3837 conscripsit
448 3766 535 3833 (Diels
548 3766 616 3820 Dox.
630 3782 720 3835 graec.
733 3783 759 3836 p.
772 3766 824 3835 83),
838 3765 946 3821 Seneca
957 3767 1179 3821 Exhortationee.

45 3852 86 3907 lix
112 3851 293 3923 scriptoribus
323 3853 403 3906 nobis
434 3852 550 3906 servatis
578 3853 605 3905 11
636 3852 689 3906 hoc
721 3868 818 3923 campo
850 3851 980 3916 Galenus,
1004 3852 1179 3917 lamblichus,

43 3938 208 3992 themistius
235 3937 339 3992 versati
367 3939 438 3992 sunt.
474 3937 603 3993 Clemens
631 3938 788 3992 christianis
816 3938 886 3991 viam
914 3937 1039 4008 praeivit,
1067 3954 1178 4009 qnorum

47 4025 118 4077 bend
136 4023 217 4094 pauci
235 4022 440 4094 προτρεπτικούς
458 4021 525 4093 πρός
542 4021 692 4092 μαρτύριον
710 4023 886 4092 scripserunt.

130 4109 150 4175 ¹)
170 4109 192 4176 1,
212 4109 244 4162 39
263 4125 290 4178 p.
310 4109 367 4163 121.
389 4109 437 4162 122
456 4109 490 4163 P.
510 4107 545 4162 cf.
568 4108 682 4161 Aetium
699 4125 726 4178 p.
745 4110 796 4162 120
819 4107 906 4170 Diels,
935 4107 956 4172 1,
975 4107 1009 4162 48
1032 4124 1056 4177 p.
1078 4109 1126 4162 126
1146 4110 1177 4163 P.

46 4197 78 4251 cf.
95 4195 157 4248 ibid
175 4195 235 4258 417,
254 4194 321 4247 3-9
342 4197 370 4246 11
387 4193 467 4264 proli,
488 4194 545 4257 188,
573 4194 606 4246 19
625 4211 650 4263 p.
674 4197 720 4248 121
740 4195 773 4248 Ρ.
793 4194 827 4247 ct.
846 4193 914 4247 ibid.
932 4193 992 4258 425,
1013 4194 1052 4248 18.
1125 4223 1128 4232 ·
