2878 4734
730 267 942 328 ..24-

279 471 319 522 se
345 453 492 522 desuuibit
517 454 678 524 Musonius
700 475 794 539 quum
816 453 987 520 Clementis
1009 461 1125 518 uuuuor.
1150 451 1346 520 Pruiiuisuar
1373 480 1394 507 ιι

278 557 326 626 eis
347 577 428 642 quae
450 557 489 624 de
512 560 593 624 viutu
616 556 778 624 Musonius
805 555 898 622 doust
922 555 1023 639 (Stub.
1047 553 1140 624 Mein.
1163 553 1188 640 1,
1209 576 1243 642 p.
1266 556 1337 620 285
1359 562 1396 620 tut

281 661 395 740 17,13
417 663 534 728 01297
556 662 602 728 tit.
627 663 677 744 18,
699 661 769 744 38):
802 659 899 726 Cibus
922 659 991 726 vilis
1014 660 1161 744 pretioso,
1187 660 1305 728 obvius
1357 684 1362 713 τ

279 761 502 848 praeferendus
528 771 577 830 est
597 763 630 845 (l.
650 763 670 827 l⁴
695 765 758 828 285
780 762 883 847 εὐτελη
905 769 959 847 τῆς
980 763 1186 833 πολυτελοῦς.
1212 812 1219 825 .
1244 811 1254 826 .
1280 762 1333 825 καὶ
1374 761 1388 807 t

280 866 437 954 ν’κπόριστω
464 875 517 953 τῆς
542 869 720 956 δυςπαρίσταυ
747 868 784 934 of.
815 866 862 932 (ΙΙ.
882 865 923 949 ΙΙ,
947 869 987 932 15
1016 888 1047 953 p.
1072 870 1134 932 173
1157 867 1191 935 P.
1214 868 1246 932 ἐν
1272 867 1342 931 εὐτε
1367 869 1382 917 2'

279 973 403 1060 σώφρονι
431 975 489 1037 121
513 992 544 1058 p.
566 974 629 1037 243
653 971 686 1038 P.
709 970 761 1053 ΠΙ,
785 990 812 1036 u.
835 971 879 1054 7).
924 969 1003 1036 Tum
1029 979 1195 1056 postquam
1222 972 1310 1040 dixit
1342 1000 1394 1031 uu.

279 1080 452 1165 aptissima,
474 1097 554 1161 quae
575 1078 746 1160 gignuntur
767 1078 914 1140 exterra
939 1073 989 1140 vel
1016 1081 1168 1160 purunuur
1189 1095 1210 1142 u
1232 1077 1315 1144 vivis
1337 1077 1397 1141 uui·

279 1181 413 1250 malibus
436 1179 496 1264 (CL
519 1179 557 1262 11,
581 1181 647 1264 15),
670 1179 716 1246 sie
738 1177 853 1264 pergit:

278 1329 404 1392 τούτων
441 1326 476 1392 δὲ
517 1333 584 1390 τῶν
622 1325 812 1416 βρωμάτων
865 1321 966 1388 0115
983 1329 1048 1386 τῶν
1070 1331 1192 1414 ηάρτοι
1212 1326 1396 1415 βρωμάτων

280 1433 538 1518 ἐπιτηδειότατα
564 1433 639 1516 μέν,
675 1435 723 1503 οἷς
756 1431 813 1495 αδ·
865 1426 1141 1513 ἐπιτηδειότατα,
1176 1435 1225 1503 οἷς
1252 1433 1398 1496 αὐτόθεν

279 1541 381 1603 τόθεν
403 1539 556 1627 χρῆσθαι
578 1537 720 1626 ὑπάρχει
738 1538 815 1624 δίχα
865 1555 916 1621 χρ.
941 1532 966 1597 ὑ.
990 1535 1015 1598 δ.
1039 1557 1091 1612 uu,
1119 1538 1191 1601 ἐπεὶ
1224 1539 1281 1602 καὶ
1318 1541 1397 1603 ἑτοι-

279 1648 394 1733 πυρός,
418 1643 490 1707 ἐπεὶ
512 1645 568 1706 καὶ
589 1644 814 1728 ἑτοιμότατα·
866 1641 1011 1727 μότερα.
1039 1642 1156 1733 δεύτερα
1188 1642 1220 1707 δὲ
1253 1647 1290 1707 τά
1328 1646 1397 1708 εὐτε-

280 1751 324 1814 οῖα
350 1749 386 1833 δὴ
415 1753 455 1811 τά
481 1770 517 1811 τε
540 1749 648 1837 ὡραῖα
681 1751 729 1813 καὶ
758 1758 815 1814 τῶν
865 1743 1060 1833 λέστερακτλ.
1078 1761 1172 1814 antea
1186 1748 1285 1834 βολβοί
1299 1751 1398 1818 &iuius

279 1853 440 1940 λαχάνων
475 1853 544 1916 ἔνια
579 1856 626 1917 καὶ
650 1856 742 1939 χάλα
768 1856 815 1919 καὶ
865 1848 1030 1936 λαχάνων
1052 1853 1135 1929 ἔνια,
1162 1855 1268 1938 ηάλα,
1291 1858 1398 1945 τυρὸς,

279 1959 378 2048 τυρός
400 1959 447 2022 καὶ
468 1961 569 2048 κηρία
591 1967 650 2026 ete.
865 1961 907 2018 τά
943 1977 978 2020 τε
1015 1957 1123 2046 ὡραῖα
1150 2009 1157 2022 .
1188 2011 1195 2023 .
1225 2011 1232 2024 .
1258 1964 1398 2050 κηρίων.

866 2059 955 2126 Alius
967 2060 1018 2129 hie
1033 2063 1109 2130 ordo
1126 2072 1174 2131 est
1189 2064 1275 2151 apud
1291 2065 1399 2150 clem,

866 2162 923 2228 sed
951 2164 1020 2250 ipse
1050 2186 1172 2253 quoque
1201 2169 1399 2254 aptissimum

865 2263 950 2333 uude
999 2268 1152 2336 concludo
1202 2269 1398 2340 Clementem

866 2365 945 2434 haee
968 2389 1032 2437 non
1054 2374 1226 2459 sumpsisse
1240 2394 1282 2440 ex
1300 2377 1400 2462 eapite

868 2469 951 2555 apud
973 2469 1059 2541 Stub.
1082 2475 1210 2544 trudito.

324 2581 376 2666 την
419 2583 510 2665 μέντοι
553 2581 665 2669 κρεώδη
707 2577 816 2667 τροφὴν
912 2582 950 2646 11
973 2602 1004 2669 p.
1030 2588 1089 2650 171
1113 2585 1148 2652 Ρ.
1164 2587 1262 2654 Reeie
1284 2587 1399 2677 Pytha-

281 2685 562 2776 δηριωδεστέραν
600 2689 727 2772 ἀπέφηνε
770 2685 817 2748 καὶ
868 2684 954 2766 gorei
977 2685 1103 2771 (quibus
1125 2689 1259 2756 Paulum
1288 2691 1400 2759 adiecit

283 2799 342 2863 τοῖς
366 2794 468 2882 άηρίοιτ
502 2794 590 2864 ζώοις
619 2794 815 2879 πρνςφορωτέ-
869 2784 1028 2874 Clemens)
1096 2790 1212 2860 docent
1274 2813 1399 2861 earnem

281 2921 341 2985 ραν.
377 2894 444 2962 εἶναι
470 2896 501 2961 δὲ
534 2898 638 2981 ταύτην
664 2896 744 2982 ἔλεγε
770 2897 817 2961 καὶ
868 2887 1025 2957 edendam
1051 2913 1115 2959 nou
1147 2915 1226 2964 essu.
1271 2898 1400 2987 θηρίων

282 3001 435 3094 βαρυτέραν
468 3004 515 3067 καὶ
545 2998 587 3090 τῷ
618 3010 688 3066 νοεῖν
718 3023 744 3064 τι
770 3003 817 3064 καὶ
866 2994 920 3080 τὰρ
943 2994 1056 3076 μᾶλλον
1078 3002 1161 3062 τοῦτό
1182 3022 1214 3085 ηε
1235 3003 1284 3065 καὶ
1306 3005 1326 3088 ἡ
1351 3003 1398 3068 ἀπ’

283 3109 632 3197 φρρνρῖνέμπόδχρν.τὴρ
650 3110 711 3197 χὰρ
735 3111 815 3171 ἀνα.
868 3099 977 3162 αὐτῶν
1020 3103 1252 3188 diffini-{wic
1288 3109 1399 3172 θολω·

281 3216 448 3301 θωμαστά
473 3215 534 3300 τὴν
557 3213 730 3300 ἀπἀὐτης
756 3214 815 3277 30.
867 3205 1003 3294 δεστέρα
1039 3207 1123 3272 οὖσα
1157 3210 1326 3280 ἐπισκοτεῖ
1361 3220 1400 3300 τῇ

281 3320 497 3409 λωδεατέραν
512 3321 614 3385 οὖσαν
630 3321 816 3384 ἐπισκοτεῖν
869 3308 972 3398 ψυχή·

281 3435 321 3510 τη
343 3424 432 3512 ψυχῇ.
912 3423 1011 3490 Glem.
1034 3421 1072 3508 Il,
1088 3427 1130 3490 29
1152 3445 1183 3512 ρ.
1201 3429 1264 3493 184
1277 3428 1313 3494 Ρ.
1330 3450 1398 3496 eum

325 3529 425 3596 Homo
459 3529 525 3595 deis
556 3528 816 3595 familiarissimus
869 3533 986 3609 menet,
1013 3547 1054 3593 ue
1081 3527 1175 3596 nimis
1198 3531 1270 3597 vinu
1293 3533 1399 3616 irrige-

282 3635 333 3700 est
359 3650 397 3698 ue
423 3631 518 3698 debet
544 3631 652 3696 nutriri
675 3631 817 3697 similiter
868 3649 948 3711 mur,
982 3649 1056 3712 ergo
1090 3631 1154 3697 aliu
1192 3653 1285 3718 quam
1323 3633 1399 3704 Mus.

281 3733 365 3816 deis,
403 3735 454 3818 qui
491 3754 622 3821 vapores
660 3735 815 3800 hauriunt.
869 3731 954 3818 apud
982 3731 1068 3799 Stob.
1099 3736 1266 3803 ouuusioue
1287 3740 1399 3826 pergit:

280 3837 354 3902 οὕτω
376 3834 401 3902 δ’
415 3841 448 3902 ἂν
471 3839 523 3904 καὶ
539 3838 590 3923 τὴν
613 3838 706 3925 ψυχὴν
732 3838 816 3921 ἡμῶν
868 3836 941 3900 οὕτω
968 3833 994 3898 δ’
1007 3838 1042 3898 ἂν
1082 3837 1130 3900 καὶ
1155 3839 1176 3923 ἡ
1206 3840 1284 3926 ψυχὴ
1321 3842 1400 3926 ἡμῶν

281 3940 441 4031 ὑπάρχειν
485 3945 640 4032 καθαράν
683 3965 719 4006 τε
762 3942 817 4006 καὶ
870 3932 1013 4031 ὑπάρξαι
1049 3943 1188 4031 καθαρά
1225 3946 1280 4008 καὶ
1317 3937 1400 4037 ξηρά

280 4035 401 4136 ξηράν,
425 4055 461 4115 ut
484 4048 658 4116 Heraclitus
680 4049 776 4114 iubet.
868 4048 915 4111 καὶ
952 4048 1116 4135 ρωτοειδήα
1154 4057 1221 4114 tum
1255 4049 1400 4120 Heracliti

870 4152 987 4218 dietum
1011 4154 1158 4237 sequitur.
