2878 4734
127 1175 187 1277 Ut
213 1209 289 1275 olim
317 1207 481 1273 christiani
510 1207 646 1276 artilices
675 1209 805 1276 deorum
834 1209 1026 1296 heronmque
1052 1212 1179 1294 formes,

41 1314 156 1398 quales
178 1321 244 1378 tum
269 1311 414 1377 solebant
436 1309 522 1393 fingi,
545 1311 577 1374 in
601 1331 693 1377 suum
717 1332 808 1379 usum
832 1313 878 1379 ita
894 1314 1129 1389 convertebant,
1146 1327 1181 1380 ut
1275 1304 1278 1310 ’

41 1418 85 1482 ad
122 1435 196 1482 suas
224 1415 332 1500 paucis
366 1413 494 1478 mutatis
522 1432 673 1497 personas
702 1415 921 1498 transferrent,
949 1417 994 1481 ita
1020 1415 1180 1498 theologia

41 1520 298 1599 christianorum,
315 1516 368 1582 uhi
383 1516 519 1602 primum
535 1515 650 1583 laetius
666 1516 868 1584 efflorescere
891 1519 1006 1604 coepit,
1034 1520 1178 1604 proxime

42 1643 79 1690 se
119 1620 302 1707 applicabat
339 1625 371 1684 et
407 1616 601 1700 adiungebat
638 1617 679 1685 ad
716 1619 960 1706 philosophiam.
1006 1619 1179 1708 Praecipue
1240 1627 1244 1633 ’

42 1725 200 1804 doctrina,
224 1741 304 1806 quae
326 1722 362 1786 in
377 1725 485 1787 sectae
502 1719 694 1788 christianae
710 1722 819 1789 schola
834 1721 1053 1789 Alexandrina
1073 1723 1178 1790 trade·

43 1829 147 1908 batur,
171 1827 202 1890 in
225 1845 347 1891 morum
371 1824 550 1910 praeceptis
574 1824 773 1910 explicandis
788 1825 854 1891 fere
869 1824 1030 1911 pendebat
1045 1846 1065 1891 a
1079 1827 1180 1892 stoica

42 1929 255 2016 philosophia,
277 1929 311 1992 in
335 1925 491 2008 dogmatis
520 1928 696 1994 accuratius
724 1927 907 1994 excolendis
934 1948 1004 1993 oum
1029 1927 1177 1994 hactum

43 2033 208 2118 platonica
229 2029 431 2116 philosophia
453 2029 613 2095 nitebatur
628 2029 736 2116 Neque
757 2031 817 2097 hoc
840 2029 1046 2097 fundamento
1062 2051 1178 2097 noram

43 2135 222 2202 doctrinam
259 2133 432 2218 superstrui
470 2132 644 2215 mirabitur,
683 2135 736 2218 qui
758 2171 799 2181 —
823 2133 908 2218 quod
944 2133 1048 2199 adhuc
1084 2135 1178 2201 nimis

43 2239 224 2320 neglectum
258 2241 308 2304 est
335 2271 376 2282 —
404 2237 613 2321 reputaverit,
648 2255 719 2302 cum
754 2237 829 2302 alibi
862 2241 931 2303 tum
964 2235 1178 2302 Alexandriae

43 2343 214 2423 magistros
256 2339 442 2406 christianos
484 2339 578 2406 simul
619 2339 852 2426 philosophiam
895 2339 1054 2425 professos
1092 2360 1177 2406 esse:

44 2444 265 2525 Athenagoras
278 2441 405 2527 quidem
417 2443 575 2527 princeps,
587 2442 614 2507 si
625 2442 702 2508 licet
712 2441 842 2508 credere
854 2440 999 2528 Philippo
1011 2440 1149 2525 Sidetae,
1155 2441 1179 2526 ¹)

44 2547 174 2614 scholae
197 2544 442 2627 Alexandrinae,
470 2544 612 2611 eiusdem
638 2546 818 2610 testimonio
846 2545 941 2634 ‚clip
964 2546 994 2608 ἐν
1018 2545 1095 2632 αὐτῷ
1117 2569 1177 2635 χρι-

43 2652 187 2721 στιανίσας
208 2649 249 2736 tq*
271 2647 410 2738 rpihovd)
434 2648 481 2711 καὶ
503 2651 557 2733 τῆς
574 2647 795 2734 Ἀκαδημαϊκῆς
818 2651 930 2736 σχολῆς
952 2657 1177 2739 apostatasse&

43 2759 112 2841 ipse
138 2757 236 2822 libros
263 2774 336 2822 suos
362 2754 523 2839 inscripsit
550 2753 729 2839 „Ainesios
753 2755 912 2842 φιλοσόφου
934 2763 1116 2844 χριστιανοῦ“
1147 2765 1179 2824 ot

42 2863 183 2944 integros
216 2860 303 2925 locos
338 2858 512 2944 depromsit
544 2879 564 2924 a
591 2859 715 2941 Stoicis,
749 2862 920 2945 praecipue
952 2863 986 2926 in
1020 2881 1058 2927 eo
1085 2861 1177 2945 libro,

44 2984 137 3047 quem
161 2963 339 3048 composuit
355 2959 395 3026 de
411 2962 642 3028 resurrectione
658 2969 850 3029 mortuorunt
876 2963 918 3046 (r.
935 2963 1038 3031 Ritter
1061 2963 1176 3030 Gesch.

44 3066 74 3132 d.
92 3065 170 3132 Phil.
185 3065 222 3148 V,
239 3066 302 3158 308
318 3064 387 3147 ss).
423 3063 618 3130 Pantaenum
636 3085 759 3150 qnoque
775 3067 986 3132 clarissimum
1002 3065 1177 3134 Clementis

44 3168 251 3237 Alexandrini
274 3169 460 3250 magistrum
484 3168 615 3234 stoicam
644 3166 875 3255 philosophiam
902 3169 1079 3256 professum
1107 3190 1177 3237 esse

43 3272 151 3339 multis
163 3271 352 3338 testimoniis
365 3276 488 3336 constat
500 3269 541 3353 (v.
555 3269 628 3338 Eus.
643 3271 713 3337 hist.
728 3271 849 3353 eccl.V,
862 3274 912 3353 13,
926 3269 1087 3354 Originem
1099 3271 1177 3339 ibid.

46 3374 96 3458 Vl,
121 3377 171 3457 19,
194 3373 321 3439 Hieron.
347 3373 439 3438 catal.
464 3392 492 3438 c.
515 3374 557 3437 36
580 3372 760 3459 Philippum
785 3373 926 3440 Sidetam
949 3375 969 3440 l.
994 3373 1041 3458 l).
1076 3374 1176 3442 Huius

44 3497 258 3545 successorem
273 3475 468 3542 Clementem
482 3483 516 3540 ut
526 3478 787 3562 praetermittam,
800 3476 841 3542 ad
855 3475 1025 3560 Origenem
1037 3485 1175 3561 transeo,

44 3599 137 3666 quern
166 3578 293 3664 quidem
320 3579 446 3665 penitus
473 3577 673 3665 philosophia
698 3578 854 3646 imbutum
878 3579 975 3647 fuisse
998 3587 1030 3646 et
1053 3599 1175 3647 summo

131 3852 150 3920 ¹)
169 3851 236 3906 Eius
255 3851 350 3920 fragm.
369 3850 411 3906 ed.
431 3849 554 3904 Dodwell
573 3849 636 3906 diss.
656 3850 684 3904 in
702 3851 846 3906 Irenaeum
866 3849 968 3906 Oxonii
987 3852 1062 3917 1689,
1075 3869 1101 3922 p.
1116 3851 1175 3908 488.

128 3937 151 4002 ²)
170 3937 260 3990 Etiam
279 3937 406 3990 Justinus
425 3935 498 4002 (dial.
518 3951 540 3990 c.
560 3936 661 4006 Tryph.
680 3952 706 4006 p.
725 3936 786 4005 217)
806 3940 835 3990 et
852 3937 912 4006 ipse
930 3935 1116 3991 Tertullianus
1130 3937 1175 4006 (de

42 4024 126 4096 pallio
145 4039 169 4078 c.
188 4023 214 4092 6)
232 4021 317 4093 pallio
336 4021 558 4093 philosophorum
577 4025 700 4088 utnntnr;
725 4020 757 4075 ci.
778 4021 863 4088 Diels,
877 4021 1053 4092 Dexographi
1070 4039 1097 4092 p.
1115 4022 1176 4089 254,

43 4128 68 4166 v.
86 4110 169 4164 etiam
187 4125 214 4178 p.
232 4108 291 4162 259.
319 4109 442 4178 Bernays
462 4108 490 4161 in
512 4105 616 4171 libello,
644 4107 691 4177 qni
717 4107 873 4161 inscribitur
899 4107 1024 4174 „Lucian
1051 4107 1107 4162 nnd
1131 4107 1175 4164 die

44 4195 183 4266 Kynilrer‘*
201 4210 228 4264 p.
245 4194 287 4250 37.
306 4194 348 4249 99.
988 4278 1001 4332 l
