2878 4734
513 301 701 362 ..7,

36 487 246 555 Schuchardt
268 510 299 574 p.
323 487 363 552 83
387 488 528 555 contulit.
562 487 653 554 Patet
675 488 754 554 haec
777 488 885 554 omnia
906 507 946 553 ex
970 485 1068 554 stoico
1090 487 1178 553 fonte

35 590 190 657 fluxisse:
224 589 317 657 Nullo
341 599 445 657 autem
475 591 569 658 modo
597 591 694 658 statui
721 597 828 677 potest
856 612 876 656 a
904 581 1069 657 Clemente
1092 609 1179 657 com-

36 693 196 780 pendium
213 692 371 778 quoddam
389 692 608 761 dcfiuitionum
623 694 799 761 adhibitum
823 713 902 762 esse.
938 693 1018 760 Nam
1042 695 1178 779 primum

38 798 146 862 multo
180 796 314 881 amplius
348 805 380 862 et
413 797 570 881 copiosius
603 797 748 863 notiones
777 797 926 862 virtutum
955 797 1005 863 vel
1033 797 1179 863 vitiorum

37 906 256 985 exponuntur,
286 919 380 983 quam
410 900 490 965 solet
515 899 583 965 fieri
611 901 643 965 in
670 901 785 967 ieiunis
813 899 875 965 illis
904 907 999 984 atquc
1021 900 1179 966 sterilibus

38 1001 254 1088 compendiis.
298 1000 376 1067 Tum
404 999 604 1069 definitiones
625 995 707 1068 'illae
734 1003 832 1068 artius
860 1003 975 1086 ubique
1009 1002 1180 1067 cohaerent

39 1129 117 1173 cum
146 1107 292 1171 universa
318 1106 540 1190 disputationis
567 1107 658 1190 serie,
687 1127 780 1191 qnam
807 1113 843 1172 ut
869 1127 909 1172 ex
937 1105 1061 1172 diverso
1090 1105 1178 1171 fonte

39 1209 300 1296 repetivpossint.
345 1207 437 1273 Unde
460 1207 594 1275 efficitur
616 1210 795 1275 universam
825 1209 928 1294 potius
957 1207 1178 1293 disputationis

40 1315 160 1380 seriem
185 1333 225 1379 ex
246 1312 326 1378 libro
350 1312 448 1378 stoico
472 1331 541 1378 esse
564 1313 760 1379 translatam.

133 1415 212 1481 Cum
240 1415 301 1480 hac
327 1433 425 1499 opera
451 1415 484 1479 in
511 1415 623 1480 vocum
652 1416 832 1481 notionibus
855 1413 1053 1501 explicandis
1076 1416 1180 1500 posita

41 1519 197 1585 cohaeret
219 1517 356 1584 studium
381 1516 555 1599 indagandi
577 1520 714 1602 origines
737 1520 991 1603 verborumque
1014 1519 1047 1583 in
1063 1539 1179 1601 genere

41 1621 176 1688 eosdem
204 1622 319 1688 stoicos
343 1619 515 1686 admodum
537 1623 596 1688 sibi
620 1623 780 1708 placuisse
802 1629 912 1689 notum
935 1630 995 1688 est.
1040 1619 1082 1686 Ut
1102 1620 1178 1705 ΙΙ,2

42 1747 76 1810 p.
103 1727 166 1788 163
189 1724 223 1790 P.
250 1725 424 1809 ,ἀθλητής“
449 1725 636 1806 vocabulum
659 1725 819 1790 derivatur
847 1745 866 1790 a
893 1745 970 1792 voce
995 1725 1178 1809 „ddlroe“¹),

42 1828 82 1908 ΙΙ,
112 1831 130 1890 7
158 1849 190 1912 p.
220 1829 280 1892 168
308 1828 342 1894 P.
375 1832 486 1898 ἄσωτος
515 1828 692 1913 explicatur
722 1831 852 1900 ἄσοστος
875 1830 914 1895 01.
938 1832 979 1894 26
1004 1851 1034 1916 p.
1059 1831 1121 1895 182
1143 1829 1179 1894 P.

43 1933 87 1994 58
103 1952 135 2016 p.
152 1931 215 1994 203
238 1931 272 1996 P.
292 1935 331 1995 11
349 1953 380 2018 p.
403 1935 466 1996 212
489 1931 523 1998 Ρ.
548 1934 611 1996 128
627 1954 657 2019 p.
675 1936 738 1998 247
756 1923 794 2000 P.
825 1933 896 2000 Non
919 1936 1022 2000 minus
1046 1935 1179 2000 stoicam

44 2033 249 2118 disciplinam
272 2035 396 2102 redolet
419 2035 612 2102 consuetudo
639 2036 696 2101 illa
717 2036 841 2103 fabulas
865 2038 1036 2121 allegorica
1057 2038 1178 2102 ratione

43 2136 278 2222 interpretandi
301 2139 397 2204 etad
422 2158 543 2205 morum
569 2138 745 2205 doctrinam
769 2141 979 2206 transferendi
1006 2139 1055 2221 (ll,
1083 2141 1122 2202 31
1148 2161 1178 2223 p.

46 2240 110 2303 185
134 2238 182 2320 Ρ.;
212 2242 255 2303 34
277 2261 307 2325 p.
332 2243 393 2304 181
421 2240 471 2320 Ρ.;
498 2240 549 2325 ΠΙ,
574 2243 612 2305 11
642 2263 671 2327 p.
703 2245 766 2306 258
794 2242 857 2326 Ρ.),
891 2261 984 2328 porro
1019 2241 1179 2308 distinctio

44 2343 250 2408 terminorum
277 2343 362 2414 τέλος
385 2349 416 2409 01
438 2348 543 2415 σκοπός
569 2343 608 2428 ΙΙ,
637 2347 677 2410 83
708 2367 739 2432 p.
763 2346 827 2409 220
850 2343 895 2427 Ρ.,
920 2344 1033 2411 Stoicis
1062 2344 1181 2410 tributa

44 2444 133 2530 apud
156 2445 241 2511 Stob.
272 2449 330 2513 ecl.
358 2449 421 2514 eth.
451 2471 481 2535 p.
511 2450 552 2514 60
581 2449 618 2514 H.
643 2448 767 2534 4711,
800 2449 877 2514 item
899 2449 987 2514 notio
1022 2448 1181 2533 πληκτικῆς

44 2551 206 2635 φαντασίας
229 2570 308 2633 quae
332 2559 435 2618 exstat
456 2551 494 2634 11,
519 2555 579 2615 118
601 2573 633 2637 p.
656 2555 716 2617 241
741 2552 776 2618 Ρ.
822 2550 909 2628 Quae
932 2551 973 2635 ΙΙ,
997 2554 1125 2618 80-82
1147 2574 1178 2638 p.

44 2655 110 2716 219
135 2652 167 2717 Ρ.
193 2653 232 2718 de
255 2656 386 2721 somniis
409 2654 571 2737 docentur,
595 2653 812 2741 comparanda
835 2661 908 2720 sunt
931 2675 1003 2720 cum
1027 2656 1180 2722 Cicerone

46 2756 86 2820 de
104 2755 167 2822 div.
185 2754 208 2838 Ι,
226 2757 297 2821 60-
312 2758 366 2838 64;
384 2778 465 2842 quae
479 2757 520 2823 111
536 2759 577 2822 55
592 2780 624 2843 p.
640 2759 704 2822 286
720 2757 755 2822 Ρ.
772 2757 812 2825 dc
828 2759 954 2844 σημείοις
969 2758 1179 2843 proferuntur,

45 2861 220 2925 concinunt
241 2881 313 2926 oum
330 2860 454 2927 Galeno
475 2861 548 2927 hist.
568 2861 643 2946 phil.
661 2863 680 2925 9
697 2861 858 2946 (Dexogr.
876 2863 926 2929 ed.
943 2863 1031 2928 Diels
1046 2882 1078 2947 p.
1096 2860 1176 2942 666)

46 2971 78 3026 et
101 2963 198 3028 Sexto
221 2961 313 3048 Emp.
341 2963 376 3028 P.
400 2963 439 3029 H.
464 2963 501 3047 ΙΙ,
527 2965 589 3028 100
612 2985 658 3048 sq.
703 2963 750 3031 Ne
773 2965 852 3031 illud
882 2964 1008 3050 quidem
1037 2985 1057 3028 a
1079 2964 1178 3030 stoico

46 3073 176 3131 auctore
189 3064 345 3147 abhorret,
359 3066 442 3150 quod
454 3067 486 3132 in
500 3069 612 3152 capite,
625 3087 688 3133 non
701 3069 734 3132 in
746 3068 842 3134 corde
854 3069 970 3134 mentis
984 3065 1180 3133 domicilium

44 3170 173 3253 ponitur
196 3167 232 3248 ll,
256 3170 298 3231 34
320 3188 349 3252 p.
376 3170 437 3231 187
461 3169 536 3252 P.²).
582 3169 725 3253 Denique
749 3170 809 3236 hoc
832 3170 910 3235 mihi
932 3169 1028 3235 velim
1044 3168 1182 3253 explicet

46 3271 170 3355 aliquis,
189 3269 263 3352 quid
279 3270 339 3335 sibi
352 3271 427 3335 velit
443 3272 475 3334 in
489 3272 705 3337 ecclesiastico
722 3272 876 3358 scriptore
889 3279 976 3337 certa
987 3271 1181 3356 reipublicae

46 3373 228 3458 descriptis,
246 3393 285 3437 ex
309 3394 370 3456 qua
392 3374 503 3438 eicitur
525 3375 665 3460 pretiosa
688 3376 832 3460 supellex
856 3373 907 3458 (ll,
931 3376 972 3439 36
995 3396 1025 3460 p.
1052 3376 1113 3438 189
1130 3372 1181 3457 P.)

46 3482 144 3560 atque
178 3481 306 3541 ornatus
341 3496 552 3560 supervacuus
588 3475 638 3559 (ll,
675 3479 737 3542 106
765 3499 796 3562 p.
833 3480 897 3542 233
925 3477 988 3560 Ρ.),
1023 3477 1182 3563 pelluntur
1239 3525 1246 3539 .

46 3577 233 3664 myropolae
267 3575 317 3660 (ll,
347 3578 387 3640 65
415 3598 445 3662 p.
471 3580 533 3642 208
561 3577 626 3661 Ρ.),
660 3581 804 3664 parasiti,
838 3580 964 3646 moechi
999 3578 1052 3662 (11,
1081 3581 1123 3643 93
1149 3598 1181 3663 p.

137 3783 155 3849 ¹)
174 3782 284 3834 Acriter
303 3785 331 3834 et
349 3782 400 3835 hoc
419 3781 479 3834 loco
498 3785 527 3834 et
546 3782 582 3847 ΙΙ,
601 3784 616 3835 Ι
634 3799 660 3852 p.
679 3784 727 3836 167
743 3783 774 3838 P.
789 3785 934 3854 impugnat
946 3783 1074 3837 athletas.
1102 3779 1182 3847 Quod

45 3866 227 3938 Xenophanis
240 3870 269 3920 et
278 3867 404 3920 Platonis
417 3867 570 3938 exemplum
584 3869 674 3922 secuti
688 3868 775 3923 Stoici
789 3871 956 3940 posteriores
970 3869 1061 3922 solent
1074 3868 1179 3923 iacere:

45 3956 109 4008 San.
129 3952 209 4022 epist.
228 3953 271 4019 80,
290 3953 306 4005 2
325 3953 367 4018 88,
386 3953 426 4007 18.
448 3953 486 4007 19.
515 3953 568 4006 Dio
586 3951 679 4022 Chrys.
692 3957 757 4008 tom.
776 3953 799 4020 Ι,
816 3971 843 4024 p.
856 3956 907 4009 415
920 3954 1002 4009 Dind.
1017 3953 1140 4008 Galenus
1154 3953 1182 4006 in

46 4033 321 4106 altera'Protreptici
337 4041 416 4106 parte
434 4038 499 4104 inde
518 4055 541 4092 a.
555 4053 577 4092 c.
595 4037 622 4092 X
641 4040 692 4092 hac
711 4039 739 4092 in
763 4057 793 4092 rc
814 4043 946 4094 versetur.
981 4039 1041 4093 Hos
1065 4040 1183 4109 impetus

47 4123 174 4178 defendit
192 4123 376 4177 Philostratus
395 4123 423 4176 in
440 4124 510 4177 libro
530 4124 577 4192 qui
594 4125 753 4178 inscribitur
772 4125 853 4196 ,περὶ
870 4126 1074 4196 γυμναστικῆς“.

133 4209 154 4275 ²)
173 4223 198 4261 v.
217 4207 306 4274 81010,
325 4210 369 4262 die
388 4209 570 4278 Psychologie
588 4211 637 4262 der
655 4211 731 4275 Stoa,
751 4211 847 4264 Berlin
868 4213 933 4265 1886
951 4227 978 4280 p.
1000 4211 1056 4267 131.
