2878 4734
450 227 706 334 ⁸-3e-

14 459 212 526 autentica
235 459 316 524 vel
307 475 378 557 ipsa
399 458 495 526 verbe
511 454 727 540 congruum).
771 455 946 536 Quaeritur,
964 477 1025 541 qua
1040 457 1163 525 ratione
1220 515 1222 520 .

14 542 266 628 x'plieemus
258 544 414 626 insignem
442 542 525 609 hune
549 541 760 609 consensum?
805 540 992 610 Eundemne
1015 541 1162 622 Clemens

14 644 145 716 bruun
185 646 377 732 compilavit,
415 646 503 712 cuius
541 646 647 730 capita
691 641 918 729 quaedamt
884 644 1037 709 Stobaeus
1064 644 1164 712 nobis

14 746 188 832 ervenit?
234 747 488 819 Consentaneum
512 756 561 814 est
582 748 683 814 obiter
704 746 925 832 inspicientem
950 747 995 812 sic
1015 755 1163 828 statuere,

13 855 28 912 t
61 857 264 924 statuerunt
287 849 346 920 hoc
370 870 479 916 omues
503 849 616 931 adhuc,
641 849 693 932 qui
715 847 798 912 hanc
820 867 887 914 rem
910 849 1083 932 tetigerunt
1105 848 1162 912 viri

13 952 502 1034 octi,Potterus,Ruhnkenius
515 951 650 1036 (Timaei
660 951 722 1016 lex.
736 971 803 1018 voc.
817 951 929 1038 σισύρα)
941 951 1163 1037 sagacissimus

13 1054 142 1120 alium
179 1075 282 1129 rerum
320 1053 497 1137 indagator,
530 1053 782 1139 Peerlkampius,
816 1056 869 1138 qui
904 1072 1030 1139 ,saepe
1053 1053 1162 1136 inquit,

15 1155 211 1242 omplures
239 1177 348 1232 versus
376 1177 416 1222 ex
443 1155 523 1222 Mus.
552 1157 678 1241 seriptis
708 1175 780 1222 suos
807 1156 882 1223 fecit
913 1155 1001 1230 nulla
1027 1155 1163 1234 auctoris

12 1260 193 1324 mentione
230 1259 315 1326 lacta
350 1267 382 1324 et
415 1259 566 1326 nonnulla
597 1258 669 1324 loca.
701 1258 747 1322 ita
779 1256 988 1340 adumbravit,
1022 1264 1057 1322 ut
1088 1255 1163 1333 inde

12 1361 153 1445 uliquid
186 1361 363 1428 adiumenti
397 1360 473 1430 mihi
509 1362 642 1428 oriretur
673 1361 707 1424 in
741 1357 948 1426 emendandis
976 1359 1160 1444 corruptis.“

12 1453 180 1545 lobetus,
195 1464 247 1548 qui
265 1483 365 1548 nuper
379 1462 439 1528 hac
455 1462 495 1528 de
518 1485 551 1529 re
575 1465 641 1546 egit
663 1462 778 1547 (llo'poe
795 1463 908 1550 Ἑρμῆς
929 1483 961 1548 p.
978 1461 1069 1544 478),
1084 1459 1162 1544 nihil

11 1567 100 1633 novi
128 1565 243 1636 attulit.
465 1627 473 1640 ,
636 1561 638 1564 ’

116 1666 237 1732 Tamen
250 1686 362 1750 graves
375 1666 518 1736 uidentur
530 1669 655 1734 obstare
671 1667 870 1734 difficultates
882 1666 955 1734 huic
971 1666 1161 1748 sententiae:

11 1768 159 1854 puidam
194 1768 366 1848 Clementis
393 1768 454 1834 loci
482 1769 528 1836 ita
556 1771 758 1836 consentiunt
784 1790 855 1834 cum
878 1767 1033 1847 Musonio,
1061 1773 1098 1833 ut
1124 1786 1164 1849 ea

11 1893 110 1956 quae
137 1870 332 1955 praecedunt
354 1878 386 1936 et
408 1873 622 1956 insequuntur,
646 1871 771 1938 diversa
799 1872 862 1936 sint
884 1871 924 1936 ab
948 1872 1003 1952 eis,
1027 1869 1162 1954 quaein

10 1974 191 2058 capitibus
226 1973 287 2040 illis
322 1973 453 2062 aStob.
489 1975 619 2040 servatis
653 1974 848 2058 praecedunt
881 1980 913 2040 et
946 1973 1161 2057 insequuntur,

10 2086 138 2140 tamen
173 2095 235 2140 uon
269 2075 365 2139 liceat
391 2081 530 2140 statuere
558 2095 629 2140 euin
657 2075 736 2140 haec
764 2095 843 2163 quae
871 2074 997 2142 diversa
1023 2081 1096 2139 sunt
1122 2095 1162 2137 ex

10 2197 83 2242 suo
116 2177 244 2258 ingenio
273 2175 444 2242 addidisse.
490 2176 569 2241 Sunt
592 2177 676 2242 enim
699 2184 808 2262 aperte
831 2177 941 2242 stoica.
987 2177 1036 2245 An
1061 2174 1160 2264 Glenp.

15 2281 111 2344 liaeo
137 2300 175 2343 ex
198 2279 299 2372 altero
323 2278 428 2344 Stoico
451 2277 577 2346 hausit?
622 2279 665 2344 At
687 2279 805 2363 optime
828 2278 999 2358 cohaerent
1021 2297 1091 2342 cum
1116 2278 1161 2342 eis

16 2401 112 2464 quae
151 2381 244 2444 etiam
283 2381 367 2466 apud
401 2380 479 2448 Mus.
514 2381 668 2462 leguntur,
701 2388 736 2446 ut
768 2381 975 2465 improbabile
1009 2380 1051 2446 sit
1083 2379 1162 2455 baec

19 2485 246 2564 Clementem,
281 2503 352 2548 oum
387 2482 515 2548 aliunde
549 2484 747 2568 arripuisset,
785 2491 850 2548 tam
889 2493 962 2570 apte
995 2488 1161 2547 conectere

19 2585 172 2671 potuisse
200 2605 271 2648 cum
299 2583 504 2650 Musonianis.
549 2584 693 2666 Accedit,
722 2583 805 2671 quod
835 2584 1057 2666 demonstravi,
1080 2604 1161 2666 quae

21 2688 152 2752 maiore
172 2685 353 2768 Paedagogi
381 2695 481 2771 parte,
503 2687 657 2771 imprimis
684 2687 783 2753 altero
813 2691 846 2770 et
867 2687 958 2766 tertio
981 2686 1060 2752 libro
1085 2705 1160 2750 con-

21 2791 150 2868 tinetur
165 2788 338 2854 Stoicorum
361 2789 513 2869 doctrina,
537 2788 619 2853 hane
635 2810 675 2854 ex
689 2809 752 2853 uno
776 2787 951 2872 eodemque
966 2789 1054 2853 lonte
1070 2807 1160 2872 repe·

23 2889 161 2956 tendam
184 2910 263 2956 esse.
299 2889 389 2976 llunc
405 2891 523 2955 fontem
541 2890 735 2962 Stobaeanos
752 2892 995 2957 commentarios
1012 2909 1161 2956 essenon

24 2996 109 3060 licet
130 2999 277 3076 statuere,
300 2995 360 3058 nisi
385 2992 473 3072 dicas
497 3012 536 3058 ea
559 3013 639 3076 quae
662 2993 768 3074 Stoico
791 2995 911 3076 auctori
929 2992 1030 3068 Glem.
1056 2991 1162 3073 dehet,
1227 3003 1232 3012 '

120 3211 139 3279 ¹)
158 3211 255 3266 Obiter
280 3212 325 3267 hic
352 3228 508 3284 comparem
535 3214 662 3276 breviora
689 3213 758 3268 Mus.
788 3214 863 3268 dicta
892 3215 926 3282 (v.
951 3210 1115 3282 Peerlkamp
1133 3228 1160 3281 p.

28 3296 177 3366 act-275)
196 3314 257 3353 cum
275 3298 359 3352 Olem.
387 3297 463 3365 Quae
482 3297 598 3366 legimus
616 3299 706 3369 Epict.
726 3299 776 3364 Ill,
795 3300 819 3364 6,
834 3301 874 3353 10.
892 3299 934 3362 23,
948 3298 979 3351 29
1000 3295 1070 3350 Gall.
1086 3296 1123 3362 V,
1135 3298 1158 3362 1,

29 3381 192 3438 confirment
214 3383 388 3452 vituperandi
412 3383 492 3452 quasi
515 3387 599 3436 artem
618 3381 647 3436 in
665 3383 753 3438 Paed.
770 3384 794 3448 Ι,
811 3399 834 3438 c.
853 3384 939 3438 8-10
961 3382 1123 3435 delineatam
1143 3396 1161 3433 a

31 3469 104 3522 Mus.
129 3470 240 3522 auctore
266 3467 443 3538 repetendam
471 3483 540 3523 esse.
575 3468 659 3538 Apud
687 3467 762 3521 Plut.
790 3468 824 3520 de
851 3468 911 3522 coh.
939 3467 981 3520 ira
1007 3467 1066 3521 et
1089 3465 1159 3520 Mus.

31 3557 172 3621 competat
196 3551 398 3621 philosophiam
426 3567 486 3607 cum
512 3553 649 3608 medicina
671 3552 708 3606 cf.
727 3567 798 3622 qnae
821 3552 877 3608 dixi
896 3569 922 3622 p.
942 3554 982 3608 12.
1019 3553 1051 3617 ln
1070 3551 1159 3620 llpiet.

33 3640 71 3693 de
88 3637 208 3692 amicitia
225 3635 319 3694 libello
332 3637 420 3706 (Stob.
440 3636 489 3693 e'cl.
509 3637 564 3692 eth.
582 3654 609 3708 p.
623 3638 671 3694 159
685 3637 740 3706 W.)
758 3637 833 3702 idem
846 3637 991 3707 distinguit
1002 3635 1160 3692 adventicia

34 3726 65 3777 et
86 3738 152 3790 quae
175 3723 202 3775 in
224 3721 341 3774 hominis
362 3723 502 3791 potestate
527 3726 592 3775 sunt
613 3721 658 3788 (of.
685 3721 770 3776 Glem.
793 3722 829 3786 ll,
856 3724 903 3777 lca
927 3739 952 3793 p.
972 3723 1020 3776 231
1045 3720 1097 3785 ΙΙΙ,
1115 3719 1161 3786 36)·

35 3813 66 3862 et
82 3804 155 3874 ἡμᾶς,
173 3806 268 3876 inquit,
290 3805 455 3876 συμψήφους
473 3805 527 3876 χρῆ
545 3807 581 3878 τῷ
599 3808 658 3878 θεῷ
674 3802 806 3875 ,γενέσθαι
824 3807 858 3861 cl.
877 3807 963 3867 Glem.
983 3807 1003 3871 l,
1022 3806 1037 3859 9
1054 3822 1082 3876 p.
1102 3804 1159 3859 10⁴2.

36 3891 106 3948 Gell.
122 3891 230 3958 1111111,
249 3892 281 3944 2:
308 3891 482 3958 „Remittera
502 3891 590 3960 inquit
609 3891 686 3957 Mus,
711 3893 829 3958 animum
848 3892 927 3960 quasi
946 3891 1071 3958 amittere
1091 3891 1159 3943 est.“

36 3977 135 4030 Eadem
158 3976 213 4030 iere
236 3977 374 4031 sententia
398 3975 482 4030 (ilem.
502 3977 539 4040 ll,
558 3977 591 4030 25
609 3993 636 4046 p.
657 3977 702 4030 181
723 3976 754 4032 P.
791 3977 914 4045 Denique
938 3976 973 4030 el.
993 3976 1061 4028 Mus.
1085 3973 1160 4032 dicta

37 4061 106 4134 apud
122 4062 199 4117 Stob.
217 4061 238 4127 1,
261 4063 308 4114 lto
326 4062 368 4116 tit.
387 4063 410 4128 6,
430 4063 445 4113 8
470 4060 555 4116 (ilem.
575 4061 612 4130 11,
630 4062 663 4114 52
682 4077 708 4130 p.
729 4063 790 4128 1993
819 4061 896 4116 Stob.
915 4061 951 4126 Il,
970 4062 1002 4113 at
1021 4061 1062 4112 tit.
1081 4059 1123 4123 31,
1142 4061 1157 4111 6

38 4147 117 4203 Olem.
134 4146 184 4217 111,
206 4148 235 4201 15
253 4163 279 4218 p,
299 4149 360 4218 2615
388 4147 465 4202 Stoa.
483 4147 520 4218 ll,
538 4147 588 4202 253
606 4147 648 4205 tit.
667 4148 708 4213 48,
730 4149 761 4211 16
777 4146 863 4210 ¹(ilem.
882 4146 918 4213 Il,
937 4148 979 4200 47.
997 4146 1031 4200 48
1049 4162 1075 4217 p.
1096 4145 1156 4200 197.
