2878 4734
480 293 691 354 ..35-

16 482 157 566 unapii
186 481 399 547 testimonium
424 480 491 562 (rit.
514 478 602 564 soph.
626 499 656 562 p.
681 478 700 538 6
729 475 815 542 Gom.
840 477 904 561 p.3
928 471 1152 556 Boissonade),

16 584 191 650 ebulonis
205 583 289 648 illins
306 581 443 666 quidem,
461 580 517 647 sed
534 583 583 646 cui
597 599 659 646 non
672 586 722 646 est
734 599 788 644 our
800 577 859 644 hac
871 579 903 643 in
916 598 949 642 re
962 575 1152 642 diffidamus.

16 707 22 750 r
56 688 173 768 igitur
195 683 282 774 „trap’
306 688 345 755 οἶς
374 684 432 767 (sc.
461 682 613 769 Cynicis),
641 682 752 766 inquit,
775 683 812 766 ἦν
834 681 1002 750 Μουσώνιος
1023 679 1070 744 καὶ
1094 680 1151 762 Δη-

16 794 140 877 ἠτριος
174 791 222 853 καὶ
255 791 399 858 Μένιππος
433 788 480 850 καὶ
507 788 596 875 ἕτεροί
622 789 653 870 pa'
680 810 752 856 τινες
778 788 910 857 πλείους.
939 788 1013 849 οὗτοι
1041 782 1066 847 δ’
1079 785 1153 868 ἦσαν

16 897 254 983 ιιφανέοτεροι.
284 897 389 957 τούτων
420 891 450 956 δὲ
478 899 578 978 σαφεῖς
606 890 656 974 μὲν
683 892 730 954 καὶ
754 891 875 980 ἀκριβεῖς
898 892 948 955 οὐκ
970 892 1006 975 ἦν
1030 892 1153 977 ἀνευρεῖν

15 1001 120 1070 ioue.
150 1050 156 1063 .
184 1001 296 1063 ,ἱκανοὶ
318 999 349 1062 δὲ
373 1000 484 1061 αὐτῶν
507 998 581 1082 ἦσάν
596 1019 635 1059 aa
658 997 705 1059 καὶ
728 998 780 1060 εἰσὶ
802 997 853 1081 βίοι
876 999 912 1060 τὰ
933 1001 1151 1084 ppoippotc‘t

105 1104 177 1170 Iam
207 1104 282 1188 quid
309 1103 500 1188 probabilius
529 1108 576 1166 est
604 1120 698 1184 quam
720 1103 818 1186 ipsius
845 1100 980 1168 Musunii
1003 1101 1155 1184 Λόιουςο

15 1207 122 1271 ilem.
149 1208 337 1293 compilatos
360 1204 451 1272 esse?
496 1205 549 1270 Sic
571 1204 664 1270 facile
688 1203 864 1288 explicatur
888 1223 1059 1270 consensus
1082 1203 1155 1268 (lle-

15 1310 139 1374 nentis
156 1329 227 1374 curn
251 1308 493 1374 commentariis.
529 1305 648 1371 Horum
665 1313 775 1370 auctor
795 1305 928 1389 scholas,
953 1326 1030 1389 quas
1047 1307 1156 1372 habuit

15 1411 189 1476 llusonius
205 1410 294 1477 exsul
309 1411 341 1475 in
355 1409 461 1494 Gyaro
476 1409 589 1489 insula,
606 1416 718 1492 postea
733 1409 903 1473 memoriae
919 1409 1115 1475 consecravit
1129 1409 1154 1492 ).

15 1516 128 1596 itque
162 1516 195 1577 in
229 1514 277 1579 his
311 1512 545 1578 commentariis
582 1509 826 1590 conscribendis,
854 1511 998 1593 quotiens
1032 1510 1073 1576 ad
1101 1531 1155 1577 eos

14 1637 109 1680 ocos
128 1615 311 1694 accedebat,
336 1634 412 1697 quos
435 1615 504 1699 ipse
519 1612 680 1678 Musonius
703 1613 735 1676 in
760 1633 855 1696 opere
879 1634 935 1679 suo
958 1620 1156 1695 tractaverat,

14 1737 80 1782 troc
94 1739 188 1802 opus,
201 1727 234 1780 ut
245 1737 303 1801 par
314 1723 391 1798 erat,
405 1715 555 1781 adhibuit.
581 1715 734 1780 Sicetiam
741 1715 939 1782 diversitates
949 1716 1155 1801 explicantur.

14 1819 135 1903 Neque
152 1823 234 1884 eninr
251 1821 364 1882 mirum
381 1825 430 1883 est
446 1817 640 1882 Clementem
666 1837 761 1902 saepe
786 1819 917 1884 meliora
939 1827 1033 1902 atque
1057 1819 1157 1900 magis

14 1924 165 2004 genuina
192 1921 327 1988 Musunii
356 1920 510 2004 discipulo
540 1921 700 2004 praebere.
751 1921 813 1986 Suo
841 1921 924 1986 onim
960 1943 1047 1987 more
1081 1941 1156 1987 usus

15 2027 121 2090 anxie
145 2026 282 2090 auctoris
305 2025 352 2088 sui
374 2023 470 2087 uerba
493 2023 615 2107 pressit,
639 2043 718 2105 quae
742 2023 818 2088 data
840 2025 1007 2089 occasione
1029 2024 1157 2090 liberius

18 2128 170 2193 adhibuit
211 2125 507 2193 commentariorum
552 2129 670 2190 auctor.
717 2124 852 2191 Omnino
894 2127 988 2210 plane
1033 2126 1158 2190 diversa

19 2236 76 2296 est
102 2227 227 2295 indoles
251 2228 410 2312 utriusque
440 2228 519 2293 libri.
566 2225 600 2292 ln
629 2228 862 2294 commentariis
897 2229 995 2295 habes
1018 2229 1158 2310 singulas

23 2331 280 2398 declamationes
303 2331 397 2396 variis
426 2331 641 2398 occasionibus
669 2330 792 2397 habitas
822 2352 924 2415 neque
947 2332 1010 2398 ullo
1033 2332 1158 2397 vinculo

25 2454 183 2513 conexas5
210 2440 320 2498 eontra
345 2431 483 2498 Musonii
516 2433 615 2517 ipsius
649 2432 728 2498 libro
763 2453 854 2516 quem
884 2433 983 2501 Clam.
1017 2433 1160 2500 adhibuit

27 2558 128 2602 unum
151 2534 298 2619 idemque
321 2540 540 2616 argumentum
565 2536 721 2620 copiosius
745 2542 905 2618 tractatur,
929 2545 960 2602 et
982 2536 1073 2603 huius
1088 2537 1159 2602 libri

28 2641 139 2724 capita
161 2646 247 2704 certa
269 2639 390 2703 ratione
406 2657 530 2721 unoque
546 2636 677 2703 consilio
694 2638 902 2704 continentur.
936 2637 1048 2704 Differt
1063 2641 1159 2706 etiam

30 2741 158 2807 dicendi
191 2761 299 2823 genus.
355 2739 391 2805 ln
425 2739 597 2805 Clementis
632 2746 758 2806 auctore
792 2741 918 2806 invenio
956 2741 1092 2826 amplius
1130 2747 1161 2806 et

31 2842 183 2926 grandius
211 2836 336 2910 dicendi
366 2863 477 2924 genus,
505 2861 616 2908 nervos
644 2843 795 2908 incitatae
819 2849 850 2908 et
873 2843 976 2909 elatae
999 2843 1159 2925 orationis,

35 3067 116 3134 „lpse
134 3081 194 3116 num
214 3063 279 3133 quid
299 3064 445 3132 scripserit,
464 3063 598 3116 incertum
612 3066 678 3117 est.“
705 3063 797 3116 Ritter
810 3063 908 3118 Gesch.
923 3065 947 3118 d.
961 3064 1034 3118 Phil.
1047 3065 1083 3128 V,
1097 3065 1161 3117 204:

36 3151 105 3214 „Als
122 3149 317 3203 Schriftsteller
334 3149 381 3201 hat
399 3165 427 3202 er
445 3148 501 3201 sich
520 3147 745 3202 wahrscheinlieh
767 3149 842 3202 nieht
867 3149 999 3218 geneigt.“
1036 3148 1126 3203 Zeller
1144 3149 1162 3203 l.

37 3252 59 3288 c.
79 3236 139 3289 730:
152 3275 154 3281 .
167 3236 251 3298 „Von
270 3233 416 3298 Schriften,
441 3235 483 3286 die
507 3250 537 3286 er
558 3235 677 3287 veriasst
700 3234 783 3299 hatte,
808 3234 873 3288 wird
892 3235 982 3288 nichts
999 3234 1161 3288 berichtet.“

124 3321 140 3386 ¹)
159 3319 241 3387 Gyani
260 3319 414 3372 Musonium
433 3336 449 3370 a
468 3321 720 3372 commentariorum
740 3323 849 3372 auclore
873 3320 996 3372 auditum
1016 3335 1084 3383 esse,
1105 3318 1161 3372 effi-

38 3406 107 3458 citur
124 3420 157 3456 ex
174 3403 235 3457 loeo
253 3403 326 3472 apud
345 3403 420 3457 Stob.
441 3403 476 3466 ll,
495 3420 521 3472 p.
539 3408 573 3458 74
593 3404 673 3457 blein.
702 3404 750 3455 αλλ
786 3421 840 3471 εγω
868 3418 908 3455 σοι
935 3398 966 3456 ori
994 3403 1065 3456 δοκῶ
1091 3399 1163 3456 εἶναι

39 3489 137 3558 φυγάς,·
156 3529 161 3542 .
181 3530 186 3544 .
206 3530 212 3543 .
231 3530 237 3542 .
257 3483 312 3539 ἀλλ’
332 3483 396 3540 οὐδὲ
412 3488 453 3556 μοὶ
471 3489 523 3541 Δία
545 3489 713 3558 λυπούμενον
730 3487 746 3552 ἢ
765 3484 924 3557 ἀθυμοῦντα
943 3489 988 3542 διαὶ
1004 3489 1053 3552 triu
1070 3486 1163 3558 ‹puyp'r‘

40 3575 120 3644 φαίης
137 3571 170 3626 ἄν
187 3571 336 3644 ἑωρακέναι
352 3590 388 3642 με
405 3574 456 3628 κτλ.
488 3575 590 3628 Contra
608 3574 706 3628 librum
725 3592 741 3627 a
760 3575 845 3629 illem.
863 3575 1039 3644 compilatum
1057 3576 1162 3628 Romae

41 3661 164 3730 scriptum
177 3675 238 3713 esse
251 3659 453 3714 demonstrabo.
466 3687 494 3698 -
506 3660 569 3712 Hoc
579 3663 671 3713 notum
682 3664 726 3714 est
734 3659 895 3729 praesertim
906 3659 1056 3728 posteriore
1070 3661 1162 3710 aetate

42 3762 120 3814 saepo
146 3743 295 3816 discipulos
321 3745 511 3812 magistrorum
538 3744 649 3799 scholas
676 3745 780 3812 publici
807 3745 873 3798 iuris
902 3743 1002 3797 secisse
1032 3760 1057 3796 v.
1085 3742 1163 3794 Diels

43 3833 154 3898 Dexogr.
173 3846 198 3900 p.
216 3831 245 3882 19
264 3828 450 3882 Frendenthal
470 3830 535 3892 ‚Der
553 3829 714 3883 Platouilrer
727 3830 853 3883 Albinus‘
869 3833 920 3884 etc.
940 3828 1032 3881 Berlin
1053 3827 1118 3880 1879
1136 3843 1162 3895 p.

43 3918 99 3971 303.
132 3915 207 3981 Quod
230 3919 311 3968 etiam
334 3914 357 3966 si
376 3914 428 3982 ipsi
446 3913 568 3979 magistri
593 3914 678 3967 libros
700 3915 876 3984 scripserant,
899 3913 1035 3966 interdum
1060 3912 1163 3965 factum

45 4007 93 4066 est,
109 4005 135 4054 nt
152 4001 252 4054 docent
275 3997 401 4069 exempla
424 3999 583 4052 Aristotelis
607 4003 636 4053 et
659 3999 780 4064 aliorum,
805 3999 849 4068 qui
871 3987 1016 4052 ediderunt
1038 3997 1164 4051 Platonis

46 4085 104 4155 sapi
122 4082 241 4154 τάγαθοῦ
266 4085 381 4149 scholas,
404 4083 527 4148 Eudemi,
552 4083 710 4136 Philodami
733 4083 861 4153 discipuli
883 4083 1002 4136 Zenonis
1026 4081 1164 4153 Epicurei,

47 4172 224 4244 discipulorum
243 4171 393 4224 Posidonii.
417 4170 449 4223 cl.
469 4168 566 4222 Galen.
586 4169 619 4221 de
638 4168 698 4222 libr.
717 4183 808 4238 propr.
827 4168 898 4222 XlX
916 4169 933 4222 8
950 4183 1010 4236 sqq.

977 4252 1010 4308 3*
