2878 4734
743 271 955 334 ..14-

283 453 341 518 έστι
368 463 416 518 τοῦ
444 463 573 544 πυρετοῦ,
602 457 692 528 οὕτως
717 457 781 522 οὐδὲ
805 460 820 522 ὁ
845 465 849 575 γ
872 465 1045 522 νοσοῦντα
1079 460 1154 524 δοκεῖ
1184 459 1322 549 ὑβρίζειν,
1355 463 1418 523 ὅταν

284 559 438 648 ἐλέγχων
472 563 586 633 δύσνους
614 573 656 649 τῷ
688 571 820 648 κάμνοντι
873 565 937 646 είπη
962 561 1059 649 αὐτῷ·
1076 566 1213 651 ἄνθρωπε
1241 615 1248 628 .
1276 615 1284 628 .
1317 570 1417 652 πυρέτ-

283 664 335 747 τήν
363 668 456 760 ψυχήν
471 689 478 702 ·
492 669 523 732 οὐ
550 671 603 755 γάρ
631 670 758 753 ἐντίθησι
785 671 821 734 τά
1426 671 1427 688 ³

283 769 533 856 πλημμελήματα,
561 777 598 838 τά
625 775 656 840 δέ
683 779 821 864 προσόντα

283 875 458 940 ἐπιδείκνυσιν
483 881 676 967 άμαρτηματα
699 931 706 944 .
733 929 740 943 .
766 929 773 944 .

327 1082 423 1150 Clam.
447 1085 471 1164 l,
497 1088 558 1152 100
582 1109 611 1172 p.
630 1088 692 1152 158
714 1087 749 1152 Ρ.
773 1100 820 1176 τῷ

283 1185 342 1268 μέν
376 1189 434 1250 οὖν
469 1191 574 1278 ἰατρῷ
609 1191 704 1256 οὐδὲν
738 1196 820 1282 πρὸς

283 1290 402 1374 ὑγίειαν
431 1295 750 1378 συμβουλεύοντι
770 1305 819 1362 ά-

282 1399 425 1483 χθυνται
449 1402 478 1464 οἱ
500 1408 703 1486 κάμνοντες,
726 1399 767 1492 τῷ
789 1407 820 1470 δέ

282 1504 450 1591 παιδαγωγῷ
486 1507 527 1593 rc}
563 1510 634 1595 θείιρ
671 1517 733 1582 πῶς
770 1513 820 1575 οὐκ

283 1612 316 1671 du
346 1611 574 1695 ὁμολογήσαιμεν
600 1615 653 1699 την
687 1619 820 1702 μεγίστην

282 1721 362 1803 χάριν
386 1717 426 1801 μὴ
451 1725 597 1783 σιωπῶντι.

325 1923 376 2008 lll,
393 1927 433 1989 39
450 1947 478 2010 p.
497 1930 558 1989 ‘277
585 1928 616 1993 P.
641 1933 768 2017 μέτρον
784 1930 820 1993 δέ

190 2061 194 2066 ·
281 2029 412 2115 καθάπερ
443 2031 457 2093 ὁ
485 2030 567 2101 ποὺς
599 2043 657 2098 τοῦ
695 2035 819 2120 ὑποδη-

282 2157 403 2218 ματος,
420 2135 511 2208 οθτως
526 2139 573 2201 καί
587 2147 648 2234 της
662 2145 820 2226 κτήσεως

282 2240 428 2305 ἑκάστου
451 2244 489 2306 τὸ
513 2252 619 2328 σῶμα.

872 690 928 738 τειτ
957 717 964 731 .
996 717 1002 731 .
1033 715 1040 730 ·
1072 717 1078 731 .
1111 669 1167 736 Sin
1195 690 1290 754 quem
1321 672 1427 744 animi}

873 773 1128 854 gravissimorum
1144 772 1331 844 morborum
1346 748 1427 838 σου-ί

873 877 992 956 vincae,
1026 875 1113 946 εὐθὺς
1145 865 1279 950 ἐξελθὼν
1306 877 1389 960 λέγει
1411 895 1427 910 ·’

874 979 967 1067 θβρισέ
990 1003 1035 1064 με.
1426 969 1427 986 ’

915 1083 1017 1171 Epict
1041 1086 1077 1150 fr.
1104 1087 1143 1148 17
1177 1087 1223 1171 τῷ
1256 1084 1323 1168 μὲν
1361 1085 1413 1148 οὖν

871 1189 977 1275 ἰατρῷ
1000 1189 1110 1275 μηδὲν
1137 1190 1427 1282 συμβουλεύοντιῐ

873 1295 1040 1379 ἄχθονται
1068 1343 1075 1360 .
1106 1344 1113 1358 .
1143 1345 1150 1359 .
1181 1345 1188 1359 .
1213 1297 1285 1384 πρὸς
1307 1295 1343 1360 δὲ
1372 1297 1427 1360 τίνῖ

873 1401 1031 1488 φιλόσοφον
1052 1403 1097 1466 διά
1112 1403 1137 1463 τί
1152 1401 1204 1464 οὐκ
1219 1405 1253 1464 ἄν
1275 1423 1317 1471 τις
1343 1402 1413 1464 οὓτω

873 1506 1031 1591 διατεθείη,
1061 1507 1136 1572 ὥστε
1172 1509 1307 1592 οἰηθηναι
1350 1512 1413 1570 άπε-

872 1614 1000 1694 γνάισθαι
1027 1610 1072 1676 ὑπ’
1086 1612 1172 1676 αὐτοῦ
1204 1617 1412 1699 σωφρονήσειν,

872 1719 897 1780 εἰ
911 1717 1000 1801 μηδὲν
1014 1719 1092 1802 λέγοι
1106 1739 1131 1780 τι
1153 1717 1223 1805 πρὸς
1247 1718 1336 1780 αὐτὸν
1360 1726 1412 1781 τίον

870 1826 1029 1911 κοπάνων·

916 1927 1006 1993 cnch.
1036 1929 1077 1992 39
1100 1929 1223 2014 μέτρον
1255 1931 1413 2012 κτήσεως

872 2034 908 2095 τὸ
932 2039 1029 2114 σῶμα
1052 2030 1187 2118 ἑκάστῳ
1224 2031 1270 2101 ὡς
1295 2034 1310 2095 ὁ
1335 2032 1412 2102 τοὺς

874 2138 1103 2222 ὑποδήματος.

367 2363 424 2430 His
446 2364 541 2431 liceat
563 2367 639 2432 mihi
663 2364 781 2432 addere
802 2365 908 2430 locum
924 2383 964 2428 ex
979 2361 1093 2429 Strom.
1117 2360 1168 2445 III,
1194 2363 1234 2425 10
1251 2382 1281 2446 p.
1299 2363 1368 2425 514
1383 2360 1411 2424 Ρ.

283 2473 454 2552 sumptum,
484 2470 535 2551 qui
570 2469 611 2534 ad
646 2469 782 2535 eundem
809 2467 949 2534 Stoicum
983 2470 1145 2530 auctorem
1181 2464 1257 2528 mihi
1291 2463 1412 2529 videtur

283 2568 466 2636 referendus
489 2591 574 2636 esse:

324 2693 399 2754 δοκεῖ
421 2691 452 2754 δέ
476 2715 522 2774 μοι
549 2693 596 2754 καί
622 2699 671 2755 τοῦ
695 2693 819 2756 Πλατω-

281 2820 329 2866 νοτ
347 2799 556 2884 παρακηκοέναι
579 2799 608 2862 έν
632 2798 821 2886 τηΠολιτείιγ

283 2904 409 2990 φαμένου
433 2904 527 2972 κοινάς
542 2904 609 2967 εἶναι
624 2907 676 2974 τάς
689 2913 822 2988 γυναῖκας

281 3014 404 3084 πάντων,
427 3009 522 3078 κοινάς
544 3008 595 3093 μὲν
617 3011 670 3079 τάς
696 3011 748 3096 πρὸ
771 3015 820 3074 τοῦ

281 3119 372 3198 γάμου
394 3120 451 3176 των
479 3115 616 3178 αἰτεῖσθαι
643 3116 819 3199 μελλόντων,

282 3219 413 3308 καθάπερ
436 3220 529 3284 καὶτὸ
544 3222 694 3309 θέατρον
710 3222 821 3284 κοινὸν

282 3330 339 3387 τῶν
373 3325 528 3408 θεωμένων
563 3331 732 3414 φάσκοντος,
771 3333 821 3390 τοῦ

282 3431 550 3518 προκαταλαβόντος
561 3430 591 3495 δέ
603 3433 727 3516 ἑκάστην
740 3433 820 3495 ἑκάσ-

282 3558 330 3600 του
359 3535 425 3599 εἰναι
453 3538 500 3600 καί
527 3537 617 3601 οὐκέτι
647 3537 741 3622 κοινὴν
768 3537 820 3622 τὴν

281 3645 491 3726 κεκονιμένον·

915 2689 1018 2774 Epict.
1042 2687 1080 2770 ΙΙ,
1111 2691 1141 2768 4,
1165 2689 1184 2750 8
1212 2689 1238 2749 τί
1265 2687 1328 2767 οὖν;
1368 2687 1411 2749 οὐκ

873 2795 939 2858 εἰσίν
975 2795 1002 2858 αἱ
1035 2799 1162 2878 γυναῖκες
1195 2791 1283 2856 κοιναὶ
1317 2793 1410 2878 mdccc

873 2898 952 2983 κάγὼ
967 2899 1053 2983 λέγω.
1080 2895 1289 2983 comparatur
1305 2896 1369 2962 cibi
1384 2898 1410 2959 in

874 3005 1016 3071 convivio
1044 3001 1222 3067 distributio
1246 2999 1266 3062 9
1294 3001 1355 3081 ἄγε,
1384 3001 1410 3061 τὸ

873 3106 904 3170 δὲ
919 3108 1066 3194 θέατρον
1082 3104 1133 3167 οὐκ
1148 3103 1206 3166 ἔστι
1220 3105 1336 3167 κοινὸν
1358 3111 1410 3167 τῖον

873 3214 1011 3290 πολιτῶνγ
1055 3212 1122 3274 ὅταν
1161 3209 1208 3272 οὖν
1246 3210 1409 3284 καθίσωσιν,

873 3319 981 3395 ἐλθών,
1006 3319 1040 3380 ἄν
1057 3339 1099 3379 σοι
1115 3323 1206 3403 μανῷ,
1231 3314 1337 3398 ἔκβαλέ
1354 3337 1410 3379 τινα

874 3423 986 3486 αὐτῶν·
1026 3423 1100 3486 οὕτω
1138 3421 1185 3483 καὶ
1222 3421 1250 3482 αἱ
1286 3425 1424 3503 γυναῖκεςί

874 3530 954 3615 φύσει
977 3529 1073 3591 κοιναί.
1103 3527 1170 3590 ὅταν
1182 3523 1236 3588 δ’ὁ
1253 3527 1410 3612 νομοθέτης

794 3669 801 3686 ·
873 3633 914 3704 ὡς
951 3633 1088 3720 ἑστιάτωρ
1125 3633 1207 3717 διέλη
1245 3630 1341 3707 αὐτάς,
1382 3633 1409 3696 οὐ

873 3739 971 3808 θέλεις
1007 3738 1055 3802 καί
1096 3737 1182 3808 αὐτὸς
1221 3737 1288 3802 ἴδιον
1327 3740 1409 3825 μέρος

874 3850 982 3928 ζητεῖν,
1008 3844 1087 3906 ἀλλά
1102 3843 1134 3905 τὸ
1150 3844 1300 3931 ἀλλότριον
1322 3842 1423 3940 daup-¹

873 3953 975 4018 τάξεις
999 3984 1005 4000 ·
1032 3996 1038 4009 .
1064 3995 1071 4009 .
1097 3973 1104 4029 ;

370 4070 469 4139 Nemo
507 4092 570 4137 nou
603 4070 758 4137 concedet
790 4067 962 4136 admodum
996 4089 1067 4135 esso
1100 4064 1407 4134 animadvertendum

284 4175 368 4242 hunc
390 4194 588 4241 consensum.
636 4172 742 4257 Neque
765 4192 839 4239 vero
862 4173 913 4256 qui
937 4172 1076 4237 cautiore
1099 4170 1215 4236 iudicio
1237 4170 1340 4252 utitur,
1353 4190 1406 4256 pro
