2878 4734
501 303 711 364 „11-

19 489 203 575 platonico
226 489 331 556 colore
354 491 496 556 tinctam.
543 486 652 574 Neque
674 489 733 555 hoc
756 487 888 554 offendit
914 489 945 552 in
970 509 1007 555 eo
1033 496 1171 572 auctore,

23 593 87 676 qui
112 592 224 676 utique
250 593 333 657 inter
359 592 527 658 eclecticos
555 593 677 658 Stoicos
706 590 921 657 numerandus
950 599 1008 674 est,
1033 594 1085 676 qui
1113 593 1172 658 sibi
1246 671 1250 676 ¹

24 693 245 761 vindicabant
287 695 467 761 libertatem
512 697 606 762 etiam
646 695 774 761 aliunde
812 693 959 778 quicquid
997 695 1173 779 probabant

26 797 197 866 sumendi.
254 797 422 864 Platonem
459 800 554 882 igitur
587 819 659 865 cum
692 797 862 865 Posidonio
901 819 964 864 non
1001 800 1102 864 solum
1138 800 1172 865 in

26 902 199 986 tripertita
221 903 319 966 animi
343 901 496 968 divisione
519 899 658 986 sequitur
680 900 733 985 (II,
757 903 799 965 34
820 922 851 987 p.
877 902 938 965 187
962 901 1007 983 P,
1031 900 1081 982 lll,
1105 905 1124 966 1
1141 923 1172 987 p.

27 1005 102 1068 250
132 1003 283 1090 251P.)‚
317 1003 374 1071 sed
396 1005 637 1072 studiosissime
663 1005 761 1071 libros
795 1005 872 1086 eius,
899 1005 1054 1092 imprimis
1077 1004 1173 1069 Rem·
1219 1002 1223 1010 '

29 1106 202 1193 publicam
226 1115 258 1174 et
279 1107 391 1191 Leges,
415 1110 490 1174 citat
517 1107 566 1173 vel
592 1109 739 1174 insnum
763 1127 855 1173 usum
878 1108 1041 1173 convertit.
1086 1107 1173 1173 Alibi

31 1210 220 1277 Aristotelis
242 1212 429 1277 auctoritate
452 1210 570 1292 nititur,
594 1210 682 1276 velut
701 1229 774 1276 cum
790 1209 955 1293 distinguit
971 1211 1117 1276 virtutem
1140 1211 1173 1277 in
1230 1297 1232 1302 Ι

32 1313 166 1396 agendo
189 1320 221 1380 et
242 1314 388 1380 virtutem
415 1315 448 1378 in
478 1313 724 1399 contemplando
747 1314 883 1399 positam
906 1312 930 1395 l,
954 1314 974 1376 9
996 1331 1028 1399 p.
1054 1314 1114 1378 103
1138 1312 1172 1380 P.

34 1417 91 1500 (cf.
116 1416 190 1482 Son.
215 1415 353 1498 ductio,
379 1417 556 1482 Musonium
579 1415 667 1501 apud
689 1417 775 1482 Stob.
802 1417 867 1482 flor.
889 1415 928 1498 ll,
951 1436 982 1501 p.
1008 1418 1048 1480 13
1064 1415 1172 1500 Mein,

33 1506 124 1584 Max.
148 1517 220 1604 Tyr.
245 1518 319 1584 diss
342 1518 419 1584 XXI
441 1526 473 1584 et
494 1519 597 1597 XXII)
620 1525 652 1586 et
674 1539 745 1585 curn
768 1519 846 1586 dicit
860 1520 1013 1605 optimum
1037 1519 1173 1604 quidque

34 1623 72 1686 in
107 1621 213 1687 medio
240 1611 379 1706 positum
415 1641 483 1687 esse
510 1621 548 1700 ll,
573 1623 613 1685 16
636 1643 667 1707 p.
697 1625 758 1685 175
781 1621 827 1707 P.,
854 1628 890 1689 ut
923 1622 987 1688 alia
1019 1624 1173 1688 ominem.

35 1723 108 1790 Nec
136 1743 240 1810 pauca
266 1723 362 1790 debet
381 1723 603 1810 Xenophontis
631 1726 867 1792 commentariis
896 1747 973 1810 quos
1001 1727 1173 1811 antiquitus

39 1828 214 1912 praecipuo
237 1827 341 1893 studio
365 1827 463 1893 Stoici
486 1829 769 1914 amplectebantur.

127 1927 233 1995 Etiam
248 1929 305 1995 illa
320 1928 404 1994 haud
419 1929 482 1995 levi
499 1938 575 1996 nota
587 1931 727 1997 Stoicum
743 1951 892 2014 agnosco,
909 1933 993 2016 quod
1008 1938 1172 2019 poetarum

39 2052 150 2099 versus
183 2032 233 2098 vel
267 2033 353 2118 ipsos
388 2031 523 2100 afferens
551 2033 602 2100 vel
628 2035 726 2100 verba
752 2054 860 2100 eorum
889 2036 922 2100 in
956 2057 1048 2102 suum
1081 2057 1174 2102 usum

41 2141 229 2210 convertens
251 2130 427 2201 ubertatem
451 2135 610 2220 quandam
628 2135 836 2222 or'natumque
853 2139 986 2204 orationi
1005 2139 1173 2221 adiungit)

40 2246 74 2305 et
107 2237 190 2322 quod
223 2237 377 2323 exemplis
405 2259 445 2304 ex
470 2239 586 2306 fabulis
619 2247 718 2306 etex
751 2261 857 2306 rerum
886 2243 1040 2308 memoria
1066 2242 1173 2327 petitis

38 2349 214 2427 praecepta
235 2340 315 2406 solet
337 2341 504 2408 illustrare.
542 2341 712 2410 Posteriori
736 2344 832 2409 aetati
856 2363 928 2409 eum
951 2343 1171 2417 ascribendum

42 2463 112 2509 esse
127 2451 163 2508 ut
176 2463 216 2508 ex
232 2442 384 2510 eclecticc
398 2446 531 2527 ratione,
547 2445 592 2512 ita
606 2465 646 2510 ex
666 2466 703 2512 eo
726 2447 866 2530 sequitur
889 2445 972 2530 quod
994 2446 1173 2513 universam

40 2545 261 2631 philosophiae
288 2547 352 2612 vim
383 2547 416 2612 in
440 2547 586 2638 moribus
621 2549 784 2614 hominum
814 2548 1049 2616 conformandis
1071 2551 1171 2636 ponit.

42 2753 64 2816 Ι,
84 2753 124 2816 la,
143 2751 174 2806 21
194 2751 246 2816 IV,
267 2754 288 2817 l,
311 2753 358 2807 104
376 2753 443 2806 fecit
454 2752 592 2806 hominem
610 2753 781 2824 θεασόμενον
797 2753 845 2818 τήν
862 2753 992 2816 διοίκησιν
1009 2751 1090 2808 αὐτοῦ
1107 2755 1173 2809 ibid.

41 2838 144 2891 91-98
169 2836 259 2890 Zeller
280 2855 307 2908 p.
325 2839 384 2894 753.
420 2837 503 2893 Clam.
521 2839 559 2904 ll,
580 2841 592 2892 l
612 2855 639 2908 p.
661 2841 708 2893 162
728 2841 760 2893 P.
778 2841 931 2894 invenimus
955 2841 1074 2911 corporis
1097 2841 1174 2894 illum

42 2926 236 2992 contemptum,
259 2939 339 2992 quem
362 2923 450 2977 Stoici
473 2925 639 2994 posteriores
666 2925 739 2978 viam
767 2927 920 2979 munientes
947 2926 1174 2980 Neo-Platonicis

42 3025 109 3079 prae
129 3024 158 3062 se
175 3007 246 3062 ferre
264 3008 357 3062 solent
374 3009 417 3076 (cf.
436 3009 527 3078 Epict.
546 3009 567 3075 Ι,
586 3012 611 3075 4,
631 3010 670 3075 18,
690 3005 737 3079 qui
748 3011 825 3065 locus
838 3011 986 3080 persimilis
999 3017 1049 3077 est,
1068 3012 1119 3077 ΙΙΙ,
1132 3014 1174 3077 22,

42 3097 72 3148 41
100 3094 152 3160 IV,
173 3096 195 3159 l,
214 3095 254 3148 78.
281 3095 330 3148 100
353 3095 404 3160 IV,
423 3096 448 3160 7,
472 3096 525 3163 32).
554 3093 593 3149 Ut
615 3095 650 3148 ab
671 3095 761 3164 Epict.
785 3096 856 3150 solet
877 3096 943 3161 fieri,
967 3112 1065 3166 corpus
1088 3098 1174 3150 lutum

43 3196 105 3234 esse
123 3179 220 3234 dicitur
239 3209 267 3218 —
289 3196 452 3250 quamquam
471 3179 595 3234 Stoicum
613 3197 667 3235 nou
686 3197 755 3235 voce
773 3183 847 3250 χοῦς,
867 3198 948 3251 quam
966 3183 1026 3251 ipse
1040 3182 1126 3238 Clem.
1140 3199 1175 3236 ex

43 3268 72 3324 S.
91 3267 120 3322 S.
138 3267 260 3336 sumpsit,
284 3267 333 3320 sed
352 3283 413 3321 voc.
432 3267 514 3330 πηλὸς
532 3267 658 3322 sollemni
676 3268 749 3338 apud
768 3267 860 3338 Epict.
879 3284 957 3322 usum
981 3285 1042 3322 esse
1060 3273 1174 3340 putave-

42 3354 93 3406 rim
110 3381 143 3391 -
161 3356 190 3406 et
207 3352 322 3406 vinculis
341 3357 516 3424 comparatur
533 3370 557 3408 v.
570 3353 661 3408 Zeller
672 3371 699 3424 p.
713 3355 771 3408 710.
787 3382 817 3392 -
833 3353 907 3408 Data
920 3355 1064 3408 occasione
1076 3372 1173 3409 moneo

43 3455 90 3493 eae
107 3453 159 3504 res,
187 3454 255 3508 quas
283 3438 360 3492 nihili
388 3439 524 3505 aestimat,
549 3439 709 3510 Epictetum
737 3440 794 3492 iere
821 3439 989 3494 diminutivis
1012 3441 1173 3510 significare,

43 3524 134 3593 qualia
165 3527 240 3579 sunt:
271 3523 407 3594 σωμάτιον
438 3523 511 3592 (Seu.
544 3525 747 3596 corpusculum)
777 3520 985 3595 ἀργυρωμάτων
1015 3521 1176 3595 ἀξιωμάτων

42 3607 186 3674 mucidum
202 3609 371 3680 φυσημάτιον
387 3611 585 3680 χρυσωμάτων.

128 3695 147 3763 ¹)
170 3695 286 3750 Frustra
316 3696 344 3750 in
374 3697 474 3750 ceteris
504 3696 655 3752 Olcmeutis
684 3697 762 3751 libris
793 3697 866 3750 hunc
893 3712 1018 3752 versuum
1048 3698 1172 3749 ornatum

43 3797 165 3851 quaeres.
201 3781 265 3836 Viri
281 3781 365 3850 igitur
383 3782 465 3846 docti,
483 3782 615 3850 imprimis
633 3783 765 3851 theologi,
790 3797 851 3836 cum
876 3783 1000 3836 certatim
1024 3781 1174 3835 Clementis

45 3866 201 3931 doctrinam,
225 3866 326 3940 quippe
349 3867 397 3936 qui
419 3867 550 3937 plurimos
573 3867 690 3935 legisset
713 3871 742 3920 et
763 3867 893 3921 memoria
917 3867 1051 3920 tenuisset
1068 3868 1173 3934 poetes,

44 3951 201 4007 collaudant
217 3951 302 4006 solius
320 3952 483 4021 Paedcgogi
505 3952 626 4007 locorum
650 3953 776 4022 exemplo
800 3953 850 4018 usi,
873 3967 958 4020 prave
982 3967 1041 4004 eam
1064 3950 1173 4002 laudem

44 4038 193 4092 Christiano
205 4038 335 4103 tribuunt,
354 4053 425 4107 quae
443 4039 563 4092 auctoris
582 4039 640 4092 eius
654 4039 765 4108 propria
778 4042 829 4092 est.
849 4067 880 4078 -
899 4035 1040 4106 Exemplis
1058 4036 1173 4089 multum

44 4123 168 4178 tribuitur
190 4123 212 4188 1,
231 4124 246 4176 9
264 4139 291 4192 p.
313 4125 361 4177 102
379 4123 411 4177 P.
428 4123 471 4176 III
489 4139 512 4178 c.
531 4125 547 4178 S
569 4141 596 4194 p.
606 4121 657 4177 278
667 4124 697 4179 P.
709 4140 748 4192 sq.
769 4125 804 4177 ci.
824 4125 888 4177 Seu.
907 4138 950 4192 ep.
969 4123 992 4186 6,
1011 4121 1028 4176 5
1047 4121 1172 4188 „longum

44 4210 94 4262 iter
113 4210 154 4262 est
165 4223 215 4277 per
227 4213 386 4277 praecepto,
399 4210 482 4262 breve
496 4213 525 4261 et
537 4209 635 4262 eilicax
652 4225 700 4278 per
719 4209 875 4277 exempla⁴‘;
895 4209 935 4271 83,
949 4208 995 4271 133
1021 4209 1061 4270 ll,
1079 4207 1172 4260 8-10,
1224 4210 1226 4216 ’
