2878 4734
492 286 706 348 ...13-

17 475 122 561 ταργῖ,
153 478 299 562 πρόχειρον
330 473 397 536 αὐτὸ
427 475 500 561 ἔχειν
528 475 568 538 δεῖ
593 495 600 509 ·
625 474 671 538 ἐπ’
695 477 800 563 ἀρίστῳ
824 477 860 538 τοί
882 476 944 563 περὶ
967 478 1080 563 ἀρίστου
1105 496 1111 509 ·
1136 473 1166 536 ἐν

21 580 178 666 βαλανείῳ
201 583 237 643 τοί
260 586 309 643 τοῦ
333 579 493 664 βαλανείου.
525 581 554 643 ἐν
577 587 617 664 τῇ
638 583 719 664 κοίτγγ
747 583 784 645 τοί
812 582 874 671 περὶ
901 589 955 668 τῆς
982 585 1079 666 κοίτης
1101 583 1164 644 κτλ.

22 689 44 749 8
78 688 94 748 ὁ
124 687 194 756 θεός
223 709 266 750 σοι
293 686 369 770 λέγει
385 708 392 721 ·
408 687 458 756 δός
486 709 532 769 μοι
561 677 708 764 ἀπόδειξιν,
737 689 761 750 εἰ
787 689 944 771 νομίμως
969 689 1118 773 ἤθλησας,
1143 690 1167 750 εἰ

23 791 140 878 ἔφαγες
167 793 221 854 ὅσα
249 792 314 868 δεῖ,
343 793 368 884 εἰ
395 792 588 876 ἐγυμνάσθης,
618 794 642 854 εἰ
668 799 718 856 τοῦ
746 794 879 856 ἀλείττου
907 795 1034 878 ἤκουσας
1057 843 1064 856 .
1091 843 1097 855 .
1124 842 1130 856 .
1158 843 1164 856 .

22 894 79 960 νῦν
97 903 147 960 τοῦ
162 899 303 986 πυρέττειν
318 901 414 986 καιρός
429 898 495 961 ἐστι.
519 904 613 965 τοῦτο,
625 899 746 970 καλῶς
767 900 889 984 γινέσθω
903 906 972 964 ’τοῦ
987 901 1079 986 διψᾶν,
1099 900 1167 985 δίψα

23 1006 153 1074 καλῶς
167 1026 174 1038 ·
187 1010 236 1067 τοῦ
251 1013 356 1080 πεινᾶν,
372 1005 452 1066 τείνα
474 1005 592 1073 καλῶς
615 1003 654 1068 cf.
671 1003 724 1087 IV,
741 1005 772 1087 9,
788 1007 817 1072 8.
833 1007 883 1087 12,
900 1009 934 1088 73
958 1005 1048 1070 ench.
1065 1007 1117 1088 29,
1135 1006 1164 1069 6.

24 1112 72 1173 41
98 1108 124 1191 Ι,
147 1113 177 1191 4,
206 1109 258 1175 20.
289 1109 338 1191 13,
371 1113 385 1173 l
416 1128 461 1192 sq.
489 1106 526 1190 11,
550 1109 581 1190 8,
611 1109 650 1171 12
677 1106 728 1190 ΙΙΙ,
758 1109 808 1190 15,
837 1109 888 1172 10.
934 1103 1059 1172 Ex'his
1087 1107 1166 1173 locis

27 1211 190 1278 concludo
219 1209 259 1277 de
287 1211 433 1277 omnibus
465 1211 549 1276 vitae
583 1211 765 1277 muneribus
799 1217 893 1296 atque
928 1209 1166 1277 condicionibus

28 1315 130 1381 solita
152 1333 223 1380 esse
248 1319 335 1380 certa
356 1314 439 1380 tradi
462 1321 645 1400 praecepta,
661 1313 700 1380 de
717 1334 781 1396 esu,
797 1321 884 1400 potu,
901 1315 1025 1394 vestitu,
1043 1320 1165 1393 ornatu,

28 1417 75 1482 de
97 1417 308 1499 matrimonio,
332 1437 443 1483 somno
467 1423 526 1482 etc.
551 1415 660 1502 Neque
682 1418 846 1484 miraberis
869 1416 1168 1501 quantadiligentia

29 1520 132 1585 Stoici
156 1519 238 1584 hunc
261 1519 367 1586 locum
389 1520 604 1602 tractaverint,
620 1520 648 1586 si
663 1520 859 1602 cogitaveris,
879 1538 940 1604 quo
955 1539 1086 1586 munere
1101 1518 1166 1584 fere

29 1623 67 1688 id
90 1623 204 1688 aetatis
226 1621 406 1708 philosophi
427 1621 527 1689 functi
550 1623 621 1690 sint.
630 1621 652 1707 ¹)
688 1620 789 1688 Erant
811 1623 896 1689 enim
921 1623 1055 1688 virorum
1080 1623 1166 1707 prin-

29 1727 141 1812 cipum
165 1725 335 1791 consiliarii
359 1725 597 1810 animorumque
619 1724 845 1808 moderatores,
869 1733 959 1792 erant
981 1725 1166 1791 adolescen-

29 1830 114 1894 tium
142 1826 300 1910 custodes,
328 1836 466 1895 rectores
493 1849 677 1913 morumque
710 1829 907 1911 formatoreS,
940 1828 1168 1914 profitebantur

30 1933 132 1998 totius
166 1931 274 2017 populi
306 1931 534 2015 magisterium,
568 1952 639 1998 cum
672 1932 818 1998 libertate
851 1932 1033 2018 promiscua
1058 1930 1167 1996 obvios

30 2041 210 2100 monerent.
254 2033 290 2099 In
313 2033 395 2099 hanc
417 2034 512 2116 igitur
534 2041 671 2111 aetatem
694 2035 812 2121 optime
840 2033 973 2118 quadrat
1000 2033 1054 2098 ille
1077 2033 1167 2118 liber,

31 2160 129 2224 quem
153 2139 300 2206 Clemens
324 2139 516 2224 compilavit,
542 2138 584 2205 ad
611 2138 860 2207 moderationem
888 2145 983 2224 atque
1010 2140 1167 2222 guberna·

28 2246 156 2311 tionem
200 2243 333 2327 volgaris
375 2243 458 2309 vitae
499 2250 656 2329 spectans.
708 2241 771 2309 Sed
812 2263 875 2309 non
918 2243 1020 2310 solum
1062 2244 1167 2327 ipsum

30 2355 255 2430 argumentum
283 2345 423 2413 Stoicum
451 2354 610 2412 auctorem
638 2345 754 2431 prodit,
782 2347 1014 2412 verumetiam
1042 2346 1168 2428 singula

29 2451 236 2536 persequitur
258 2448 370 2516 eadem
394 2451 516 2515 ratione
540 2469 602 2533 qua
623 2450 716 2535 primi
739 2469 769 2534 p.
788 2448 860 2514 Chr.
877 2470 907 2513 n.
925 2449 1043 2515 saeculi
1059 2448 1166 2515 Stoici.

30 2553 126 2631 Quod
160 2554 234 2620 nolo
267 2553 327 2619 hoc
361 2553 432 2619 loco
465 2553 564 2620 iunius
598 2572 767 2638 exponere,
802 2551 859 2618 sed
886 2573 928 2618 ne
954 2552 1067 2634 longus
1096 2553 1167 2634 sim,

29 2658 156 2722 leviora
183 2657 344 2739 omittens,
372 2676 426 2724 eos
453 2655 549 2722 modo
577 2654 714 2741 Epicteti
740 2655 839 2739 locos,
868 2656 919 2740 qui
946 2656 1041 2722 verbo
1075 2663 1167 2722 tanus

30 2760 247 2839 consentiunt,
271 2779 343 2825 cum
366 2758 531 2826 Clemente
554 2779 716 2846 comparo:

32 2862 135 2928 Clem.
159 2860 183 2944 I,
204 2863 245 2928 88
261 2884 291 2948 p.
311 2864 373 2927 150
396 2861 430 2928 P.
456 2862 575 2951 ὡςγάγυ
628 2861 728 2949 Epicu.
753 2861 790 2944 II,
815 2865 865 2945 14,
889 2861 932 2925 20
959 2869 1024 2935 τεῖος
1050 2863 1166 2926 δύνασαι
1213 2911 1214 2914 ¹

30 2968 68 3029 τὸ
98 2967 266 3054 ἔσοπτρον
297 2976 343 3052 τῷ
370 2969 505 3057 αἰσχρῷ
538 2971 575 3033 οὐ
628 3016 634 3029 .
662 3015 668 3030 .
695 3015 702 3029 .
728 2965 859 3053 ὑποσχεῖν
882 2969 930 3031 τὸν
954 2969 1165 3055 ἔλεγχον...;

29 3076 149 3149 κακόν,
166 3074 215 3135 ὅτι
229 3073 373 3136 δεικνύει
390 3073 491 3138 αὐτὸν
506 3077 575 3147 οἷός
626 3072 768 3156 οὐδαμῶς,
794 3071 863 3135 ἀλλ’
878 3073 964 3145 εὐθὺς
987 3075 1166 3159 ἀταλλοίσσγγ

29 3180 138 3254 ἐστιν,
175 3179 231 3240 καί
265 3178 310 3249 ὡς
338 3181 352 3242 ὁ
379 3181 496 3271 ἰατρὸς
529 3187 575 3268 τῷ
626 3179 763 3265 χαλεπῶς
777 3179 864 3265 ἔχων.
903 3181 991 3243 καίτοι
1005 3181 1030 3242 τί
1051 3203 1094 3244 σοι
1109 3180 1165 3266 ἐγὼ

29 3283 573 3376 νοσοῦντιούκακόςὸτόντυρε-
626 3285 713 3346 κακὸν
742 3287 897 3370 τετοίηκαγ
932 3285 1029 3370 εἰμὴ
1052 3288 1166 3351 καίτό

30 3390 574 3477 τὸνᾱναγγέλλυναύτῷ(οίυνοτίου
626 3391 792 3478 ’ἔσοπτρον
837 3391 883 3476 τῷ
929 3392 1069 3480 αἰσχρῷ,
1118 3395 1166 3456 ὅτι

28 3517 88 3581 prc
114 3494 575 3585 αὐτοῦ)-ουγοίραίτιοςτοῦ
626 3497 772 3560 δεικνύει
822 3495 924 3559 αὐτὸν
967 3490 1058 3586 αὐτῷ
1091 3501 1168 3569 ὀἷός

29 3607 154 3689 πυρετοῦ
178 3603 192 3664 ὁ
215 3603 319 3691 ἱατρός,
345 3601 415 3666 ἀλλ’
432 3603 576 3691 ἔλεγχός
628 3602 784 3665 ἐστιν·εἰ
806 3600 848 3687 μὴ
871 3602 918 3664 καί
945 3603 959 3666 ὁ
986 3603 1166 3692 ίατγιὸςτὸν

120 3774 141 3839 ¹)
159 3773 204 3826 Ex
226 3773 317 3843 Epict.
339 3774 432 3829 verbis
458 3775 521 3842 (IV,
540 3777 565 3841 4,
583 3775 623 3844 8):
650 3769 699 3828 οὐκ
726 3769 797 3845 &pupi
821 3776 859 3846 τῷ,
884 3770 985 3828 καθ’ὅί
1011 3770 1167 3844 ἀνέγνωκας

29 3858 141 3911 ἐσθίειν
159 3857 276 3912 officitur
294 3875 347 3914 nco
366 3876 471 3931 paucos
488 3861 575 3915 libros
592 3863 649 3914 tum
668 3861 695 3914 in
713 3861 766 3915 hoc
785 3865 944 3929 argumento
958 3864 1081 3914 versatos
1096 3876 1166 3916 esse.

28 3947 102 3999 Pers
121 3943 158 4010 V,
181 3947 225 4000 18:
245 3947 423 4017 „plebeioque
441 3946 556 4018 prandia
573 3948 673 4002 noris.“

118 4031 162 4084 De
189 4048 301 4086 munere
327 4033 549 4103 philosophorum
575 4050 601 4088 v.
627 4032 705 4087 Diels
726 4033 845 4102 Doxogr.
873 4051 899 4104 p.
918 4034 958 4098 82,
987 4033 1166 4087 Friedldodcr

28 4116 180 4170 Rdmiache
208 4117 459 4186 Sittengeschichte
487 4119 538 4184 Ill,
566 4119 616 4173 589
642 4133 692 4188 sq„
719 4117 829 4171 Martha
854 4119 895 4172 les
921 4119 1076 4172 moralistes
1102 4136 1167 4174 sous

26 4199 155 4272 l'empire
173 4202 286 4270 romain,
304 4205 385 4258 Paris
402 4205 477 4258 1872.
