2878 4734
534 220 725 282 ..3-

48 427 131 472 enm
163 412 251 473 reete
278 407 329 472 vie
355 406 458 472 ducii
476 415 508 473 et
540 409 630 491 qnasi
658 405 889 492 paedagogus)
917 410 984 475 eins
1013 413 1071 491 esi,
1105 407 1199 475 docet

50 508 332 592 quemadmodum
360 509 401 574 sit
423 508 601 575 vivendum.
645 507 704 576 Est
726 530 799 576 vero
826 510 996 576 vivendum
1023 509 1197 578 seeundum

48 613 166 696 ipsam
190 613 346 678 rationem
369 612 418 678 vel
441 610 616 695 naturam)
639 613 690 678 vel
712 612 818 678 deum.
855 611 924 679 Hae
946 617 1031 680 enim
1052 614 1197 680 notiones

149 781 170 851 ¹)
191 781 278 836 Sioiei
305 783 395 836 solent
426 781 514 856 λόγον,
547 799 628 851 quem
660 783 743 837 etiem
777 781 895 853 δαίμονα
921 785 1034 852 fingunt,
1066 782 1197 837 inducere

49 867 139 937 quasi
159 868 318 936 magistrum
343 871 372 921 et
394 869 538 922 custodem
562 866 686 934 hominis,
705 886 730 923 v.
750 868 814 923 Sen.
834 885 877 939 ep.
898 863 1004 935 110,1:
1031 885 1150 940 „sepone
1168 869 1197 923 in

50 955 230 1025 praesentia,
249 969 319 1024 queo
339 954 545 1024 quibusdem
563 955 683 1024 placent,
701 955 848 1024 unicuique
865 959 988 1010 nostrum
1005 955 1196 1026 paedagogum

51 1039 119 1092 dari
134 1039 225 1105 deum,
239 1053 293 1094 non
305 1039 415 1108 quidem
428 1039 608 1094 ordinarium‘·
627 1043 679 1094 ete.
698 1055 740 1110 ep.
759 1041 801 1105 31,
815 1042 860 1107 11;
877 1043 920 1106 41,
934 1041 1015 1096 1-5:
1033 1055 1135 1110 „prope
1154 1044 1197 1094 est

52 1141 70 1178 e
94 1129 126 1178 te
157 1124 234 1190 deus,
262 1129 355 1178 teeum
378 1128 429 1190 esi,
452 1125 527 1178 intus
549 1127 593 1178 est
610 1165 617 1179 .
636 1165 643 1179 .
661 1165 669 1180 .
688 1140 768 1180 secer
793 1125 866 1180 intro
892 1141 942 1180 nos
969 1125 1082 1196 spiritns
1109 1125 1195 1189 sedet,

51 1210 193 1264 melorum
219 1212 406 1279 bonorumque
433 1211 602 1274 observator,
629 1214 657 1264 et
684 1213 777 1264 eustos
801 1215 877 1266 ...“
905 1211 1049 1266 Simillime
1075 1211 1196 1280 loquitur

52 1295 208 1368 Epictetus
230 1296 253 1361 I,
279 1297 319 1361 14,
343 1297 374 1350 12
398 1294 559 1366 ,ἐπίτροπον
581 1293 683 1367 ἑκάστῳ
705 1292 855 1366 παρέστησε
876 1289 922 1349 τ’δν
944 1293 1054 1350 ἑκάστου
1078 1294 1196 1365 δαίμονα

53 1382 105 1437 καὶ
116 1380 263 1454 παρέδωκε
276 1383 484 1454 φυλάσσειν...
503 1382 517 1436 ὁ
535 1384 600 1444 θεός
617 1381 697 1437 ἔνδον
713 1382 803 1438 ἐστίν’
823 1391 875 1440 ete.
890 1387 925 1440 oi.
942 1386 974 1440 fn.
989 1387 1031 1440 98.
1049 1385 1086 1438 Μ.
1099 1384 1194 1439 Aurei.
1293 1414 1301 1426 ι

53 1469 93 1535 V,
112 1470 162 1525 27:
189 1467 338 1540 όδαίμων,
366 1466 398 1522 όν
424 1465 527 1540 ἑκάστῳ
553 1469 703 1540 προστάτην
728 1470 776 1524 καὶ
802 1469 924 1541 ἡγεμόνα
951 1470 965 1524 ό
993 1471 1059 1530 Ζεδς
1086 1469 1194 1534 ἔδωκεν,

55 1548 134 1614 οὗτος
156 1551 188 1609 δέ
208 1553 281 1608 ἐστιν
299 1552 312 1606 ὃ
331 1552 442 1608 ἑκάστου
466 1555 528 1614 νοός
550 1553 597 1608 καὶ
619 1554 697 1624 λόγος
719 1555 809 1622 cf.11‚
835 1557 866 1611 13
885 1557 935 1623 ΠΙ,
953 1559 978 1612 4.
997 1559 1022 1612 6.
1058 1556 1195 1610 Maximus

55 1641 162 1711 Tyrius
179 1640 244 1696 diss.
263 1639 330 1710 VII,
348 1641 372 1696 2.
392 1641 416 1695 3.
434 1641 452 1694 8
469 1639 498 1693 τό
516 1639 584 1694 δέν
601 1641 752 1712 φιλοσοφίᾳ
769 1641 920 1712 κεφάλαιον
938 1641 1021 1696 δεῖται
1033 1639 1194 1695 διδασκάλου

55 1725 455 1796 ....διαπαιδαγωγοόντος,
475 1727 523 1796 qui
541 1730 584 1780 est
601 1725 678 1796 λόγος
696 1768 703 1782 .
721 1767 728 1782 .
748 1767 754 1781 .
773 1768 780 1782 .
798 1727 864 1783 dies.
882 1727 963 1794 XIV,
982 1727 1114 1798 imprimis
1127 1743 1151 1781 e.
1170 1728 1193 1782 7.

54 1811 155 1878 XVII,
178 1814 202 1866 7.
226 1813 266 1868 10.
302 1811 424 1878 Stoicos,
452 1815 484 1868 ui
510 1828 595 1882 saepo
617 1813 693 1879 feeit,
721 1814 843 1884 sequitur
869 1813 1017 1868 Hierocles
1043 1813 1150 1867 dicens:
1179 1807 1194 1866 ὁ

56 1897 138 1966 λόγος
156 1897 343 1967 παιδαγωγῶν
359 1895 431 1966 ἡμᾶς
453 1901 506 1952 eto.
530 1897 583 1966 (ed.
602 1896 725 1952 Melle-eh
747 1898 839 1953 Berol.
859 1899 925 1954 1853
947 1916 974 1969 p.
992 1899 1026 1954 28
1046 1897 1191 1952 Needhem

54 1999 86 2053 p.
107 1983 159 2052 11).
196 1984 238 2038 De
262 1999 313 2038 usu
334 1984 412 2038 verbi
434 1981 624 2052 παιδαγωγεῖν
641 1982 676 2038 ei.
695 1984 812 2038 eundem
829 2001 856 2054 p.
874 1985 916 2051 55,
937 1985 968 2038 18
988 1985 1024 2039 M.
1042 1985 1076 2039 58
1093 1984 1134 2050 Ν;
1152 1984 1194 2052 92,

59 2069 148 2124 1611.
169 2070 218 2123 116
236 2068 262 2123 Ν
294 2072 324 2122 et
345 2069 500 2123 Musonium
523 2069 596 2140 epud
619 2067 696 2124 Stob.
718 2067 775 2124 fior.
799 2070 882 2124 Mein.
902 2070 915 2122 1
932 2087 959 2140 p.
980 2071 1037 2134 106,
1063 2071 1095 2123 10
1117 2069 1146 2124 11
1167 2087 1194 2140 p.

59 2155 100 2221 10,
126 2157 166 2210 14.
189 2183 221 2193 —-
244 2155 324 2210 Heee
346 2169 411 2209 vero
434 2154 505 2208 ratio
528 2155 638 2225 proprie
656 2154 812 2208 Stoicorum
835 2154 917 2208 iecile
941 2155 1076 2210 Olementi
1098 2171 1193 2208 ensem

61 2240 139 2293 dedit
155 2240 351 2296 immiscendae
366 2240 574 2295 christianorum
588 2239 623 2294 de
641 2238 712 2312 λόγῳ
731 2240 892 2306 doctrinam,
911 2240 951 2294 ite
967 2243 999 2294 ui
1016 2240 1140 2296 Christus
1158 2240 1195 2294 sit

8 2393 9 2398 ἵ
59 2343 141 2380 verus
158 2325 242 2396 λόγος,
261 2327 338 2392 deus,
354 2326 541 2398 poedagogus.
1079 2370 1080 2373 .

146 2411 303 2482 ²)Somper
328 2415 492 2482 provocetur
518 2410 553 2464 ed
579 2415 704 2466 naturum
732 2411 832 2482 quippe
860 2427 915 2480 que
941 2412 1011 2466 duee
1034 2413 1118 2466 erreri
1139 2428 1193 2467 non

60 2497 163 2566 possit:
189 2497 236 2552 lib.
254 2498 284 2552 ΙΙ
307 2501 322 2562 5
341 2500 354 2552 1
373 2514 400 2569 p.
421 2498 469 2552 162
493 2497 598 2551 Potior.
620 2497 750 2563 (adhibeo
773 2497 908 2552 Dindorfii
931 2497 974 2552 ed.
992 2498 1093 2554 Oxonii
1116 2499 1193 2567 1869)

60 2582 188 2636 Hominis
199 2586 242 2637 est
255 2583 362 2638 discors
379 2582 504 2652 θεωρίαν
520 2583 575 2634 ταῖν
592 2582 659 2634 κατά
676 2581 723 2635 τόν
741 2581 891 2652 ἄνθρωπον
909 2582 1110 2654 συμβαινόντων
1126 2582 1194 2636 κατά

62 2667 162 2736 φάσιν
174 2669 191 2722 ό
203 2683 229 2738 p.
244 2670 293 2724 166
307 2668 338 2722 Ρ.
352 2665 422 2738 μηδὲ
435 2663 604 2738 ὠφελεῖσθαι
620 2663 728 2738 πέφυκε
744 2670 775 2723 13
788 2685 814 2739 p.
829 2671 877 2723 172
895 2669 926 2724 P.
944 2671 989 2732 τῆς
1007 2669 1074 2721 κατά
1092 2668 1194 2738 φύσιν

61 2752 200 2823 ἐνεργείας
217 2754 251 2808 46
264 2771 291 2824 p.
312 2755 360 2808 196
378 2755 411 2809 P.
432 2751 518 2808 ὁπόσα
532 2751 700 2824 φυοικάτοϊς
714 2747 872 2824 ἀνθρώποις
886 2750 967 2818 ἐστίν,
986 2755 1067 2807 ταῦτα
1085 2749 1134 2806 οὐκ
1151 2750 1193 2816 ε’ξ-

62 2845 151 2909 αιρεῐν
167 2838 197 2902 ἐξ
215 2834 305 2894 αότῶν
324 2837 368 2892 δεῖ
384 2839 430 2907 (cf.
449 2839 508 2895 cie.
527 2839 562 2894 de
586 2839 631 2894 off.
649 2839 671 2905 I,
692 2838 750 2908 110)
770 2841 819 2894 116
837 2856 864 2909 p.
883 2841 935 2894 240
952 2839 983 2896 Ρ.
1005 2836 1194 2910 προθεμένους

63 2922 93 2978 δὲ
111 2965 117 2979 .
136 2965 142 2979 .
161 2965 169 2980 .
186 2963 194 2982 .
212 2924 258 2978 τόν
275 2925 377 2978 σκοπόν
394 2924 440 2978 τόν
458 2919 545 2992 ὀρθόν
561 2924 590 2976 τό
607 2924 675 2978 κατά
698 2924 801 2995 φύσιν
822 2922 944 2994 ἐκλέγειν
961 2925 1024 2995 1101·
1053 2927 1114 2980 Hes
1133 2941 1193 2979 sen-

62 3011 163 3066 tenties
181 3011 264 3082 plene
282 3011 386 3066 stoicas
404 3027 466 3066 esse
486 3039 516 3050 -
536 3026 570 3064 ee
588 3014 704 3080 possunt
721 3010 808 3065 multo
826 3011 925 3065 similia
937 3011 1027 3064 efferri
1040 3039 1071 3052 -
1084 3014 1195 3066 nonest

63 3096 134 3165 quod
145 3111 277 3151 moneam.
306 3097 346 3150 Ut
363 3097 433 3150 haee
445 3100 559 3150 neturus
574 3095 748 3150 confirmetur
763 3099 845 3166 etque
864 3097 1057 3166 comprobetur
1075 3096 1192 3152 auotori-

63 3185 113 3248 ies,
131 3181 246 3236 subtiles
264 3182 437 3253 physicorum
455 3182 620 3236 adhibentur
644 3183 772 3246 rationes,
789 3180 864 3236 velut
883 3181 918 3246 ΙΙ,
932 3181 1035 3236 84-81
1052 3198 1079 3252 p.
1096 3182 1145 3236 221
1159 3183 1193 3237 Ρ.

64 3268 163 3322 90-94
180 3285 207 3338 p.
220 3269 271 3322 221
289 3267 327 3334 P.,
346 3283 435 3338 neque
453 3267 539 3320 meins
558 3270 601 3322 est
617 3269 764 3336 peecatum
776 3282 858 3334 quem
870 3270 967 3320 conire
978 3271 1092 3322 naturae
1103 3267 1193 3336 legem

64 3367 142 3421 egere
160 3371 184 3409 v.
202 3353 253 3418 111,
272 3354 375 3410 21-29
392 3369 420 3422 p.
432 3354 569 3409 264-266
587 3352 618 3408 Ρ.
636 3352 713 3422 παρά
730 3351 776 3406 τόν
792 3353 837 3420 τῆς
854 3351 986 3422 φάσεως
1003 3353 1107 3423 νόμον
1125 3353 1194 3421 (Cio.

65 3440 97 3493 de
115 3439 159 3495 off.
178 3442 199 3506 1,
219 3441 267 3494 102
286 3439 370 3514 „lege
384 3442 525 3506 neturee“,
544 3442 573 3492 et
591 3437 676 3506 alibi),
696 3439 729 3494 37
747 3455 774 3508 p.
793 3439 843 3492 276
861 3437 892 3494 P.

148 3525 237 3596 Seepe
250 3526 347 3581 eedem
360 3528 442 3595 etque
454 3530 552 3580 nature
565 3525 626 3580 viee
639 3524 762 3593 iungitur
773 3523 844 3578 ratio
857 3524 901 3578 vel
914 3524 991 3591 deur,
1004 3526 1076 3594 quod
1089 3525 1192 3596 optime

65 3613 254 3683 comprobetur
271 3612 313 3667 hie
331 3611 410 3666 loeis:
429 3611 466 3677 ΙΙ,
485 3611 518 3666 87
536 3628 563 3681 p.
573 3611 624 3665 223
641 3610 673 3664 Ρ.
692 3605 841 3679 ἑπομένως
857 3611 890 3680 τῇ
908 3608 1014 3680 φύσει,
1036 3613 1085 3666 110
1103 3628 1129 3680 p.
1142 3611 1192 3666 286

66 3699 97 3752 P.
115 3696 129 3750 ό
146 3694 275 3768 ἑπόμενος
297 3699 335 3770 τῷ
356 3696 450 3768 λόγῳ,
469 3696 503 3751 36
521 3713 547 3766 p.
568 3696 616 3750 189
633 3695 664 3752 Ρ.
683 3692 752 3750 ἕπου
769 3695 806 3767 τῷ
822 3697 899 3766 θεῷ.
927 3695 1036 3750 Stoioes
1058 3697 1108 3750 hes
1131 3712 1193 3750 esse

66 3781 191 3837 iormules
208 3785 302 3837 notum
321 3786 365 3836 est
382 3786 465 3851 etque
483 3781 566 3834 etiem
583 3781 644 3852 ipse
663 3779 769 3836 Seneoe
790 3785 883 3836 monet
907 3781 987 3835 modo
1011 3784 1042 3835 ut
1059 3785 1192 3847 naiman,

66 3868 143 3924 modo
159 3871 191 3922 ut
207 3869 350 3934 rationem,
369 3866 450 3920 modo
468 3870 499 3920 ut
516 3866 597 3921 deum
616 3879 769 3936 sequemur.
797 3865 963 3921 Conferendi
981 3866 1065 3922 etiem
1083 3871 1147 3921 sunt
1164 3868 1193 3922 hi

66 3953 209 4009 Clementis
228 3953 295 4009 loei:
312 3953 349 4020 ΙΙ,
368 3954 401 4008 29
419 3969 446 4022 p.
463 3952 512 4006 184
530 3952 563 4005 P.
583 3946 692 4020 ἀρέσκει
709 3952 746 4023 τῷ
763 3949 833 4022 λόγῳ
851 3953 888 4023 τῷ
906 3947 984 4022 ὀρθῷ
1002 3953 1045 4020 89,
1057 3969 1083 4023 p.
1097 3953 1148 4008 223
1160 3953 1192 4010 P.

59 4039 99 4100 ,de
116 4039 166 4094 deo
183 4039 220 4105 H,
238 4040 263 4093 ό.
283 4040 324 4096 17.
344 4039 383 4092 18.
402 4054 428 4108 p.
450 4039 497 4091 166
516 4037 549 4090 Ρ.
577 4036 630 4103 Qui
647 4037 753 4106 spernit
769 4037 843 4107 quod
867 4037 934 4092 deus
951 4037 996 4092 vel
1018 4039 1089 4093 ratio
1106 4039 1192 4106 iubet,

66 4124 163 4196 passim
181 4123 264 4185 ἄθεος
280 4124 325 4180 vel
343 4121 439 4194 ἄλογος
456 4122 620 4176 nominetur.
1148 4177 1151 4183 .

1004 4207 1037 4261 l*
1064 4233 1066 4236 ¹
