2878 4734
499 285 798 348 -27-.

131 470 233 550 Quam
258 471 351 538 stulte
374 481 470 555 agant
492 493 650 556 ganeones
674 492 711 538 eo
733 479 874 558 nepotes,
898 479 1038 558 apparet

14 574 143 642 ilus(
164 575 296 659 οὐδαμῶς
329 575 583 663 ὠφελουμένων
637 573 735 642 (llam.
757 574 795 660 II,
812 578 832 638 5
852 577 911 640 ἐπεὶ
932 575 1006 662 μηδὲ
1027 576 1171 664 ὠφελεῖ-

14 685 83 742 τῶν
103 687 282 764 σωμάτων
294 681 326 744 ἐκ
340 681 402 766 τῆς
417 682 582 746 πολυτελ-
635 681 1049 767 σδυιπέφυκετοίσιίιματα
1063 683 1098 746 εἰι
1109 692 1172 769 τῆς

14 786 113 856 :luc
132 793 200 850 τῶν
219 787 430 876 βρωμάτων.
447 789 583 876 πᾶνροὶρ
635 787 866 858 πολυτελείας
887 793 952 851 τῶν
971 787 1168 877 βρωμάτων.

14 891 242 957 ;οόναντίον
271 881 300 956 οἱ
330 901 416 982 ταῖς
441 891 582 957 εὐτελε-
634 899 698 954 πᾶν
724 893 786 981 φοίρ
814 893 1014 957 τούναντίον
1042 896 1071 958 οἱ
1098 903 1188 965 ταῖς

14 1005 211 1069 ττάταις
246 998 585 1088 χρώμενοιπροφαῑς
636 995 1171 1088 εὐτελεστάταιςχφὼμενοι

14 1106 273 1194 ,σχυρότατοί
307 1099 381 1168 εἱσι.
427 1104 493 1176 τοὺς
518 1113 584 1191 γοῦν
634 1109 779 1191 τροφαῖς
807 1105 1022 1193 ίσχυρότεροί
1049 1105 1172 1169 εἰσικοιί

14 1211 183 1280 οἰκέτας
218 1217 285 1274 τῶν
321 1211 494 1275 δεσποτῶν
532 1211 585 1276 ’καὶ
636 1207 805 1299 ὑγιεινότεροι
826 1211 873 1274 καὶ
893 1215 1073 1300 γενναιότεροι
1089 1211 1167 1294 (ubi-

14 1313 118 1384 τοὺς
144 1317 269 1405 χωρίτας
300 1323 357 1380 τῶν
391 1320 511 1381 ἀστικῶν
537 1317 585 1380 καὶ
636 1335 695 1400 que
711 1316 958 1400 comparativum
980 1316 1115 1399 restitui)
1131 1314 1172 1385 ὡς

14 1418 108 1490 τοὺς
131 1423 256 1505 πένητας
277 1427 334 1484 τῶν
355 1423 497 1486 πλουσίοιν
517 1423 585 1493 ἴδοις
636 1420 764 1483 οἰκέται
790 1419 963 1483 δεσποτῶν
989 1419 1035 1482 καὶ
1055 1421 1172 1508 γεωργοὶ

14 1529 63 1588 ἂν
100 1523 145 1596 ὡς
168 1525 211 1589 ἐπὶ
232 1527 408 1592 τδπλεῑστον
424 1529 582 1616 ῥωμαλεω-
613 1527 789 1612 Ικτητιίρων.
819 1525 866 1588 καὶ
891 1525 923 1588 οὐ
955 1528 1039 1608 μόνον
1073 1529 1170 1614 ῥωμα-

14 1635 143 1721 τέρους
166 1633 249 1703 ὄντας
270 1633 333 1696 κτλ.
566 1633 569 1640 ’
634 1629 777 1717 λεώτεροι,
802 1631 881 1693 ἀλλά
896 1631 942 1693 καὶ
961 1631 1170 1721 φρονιμώτεροι,

634 1733 676 1805 ὡς
711 1735 860 1823 φιλόσοφοι
891 1735 1042 1798 πλουσίων.

149 1837 230 1906 Num
259 1839 375 1907 'censes
409 1839 491 1906 hauc
526 1833 781 1926 philosophorum
814 1839 940 1906 laudem
974 1839 1169 1906 Clementem

24 1941 232 2009 addidisse?
269 1940 400 2009 Minime
426 1962 509 2009 uero.
553 1943 607 2025 At,
635 1944 661 2010 si
688 1943 757 2029 ipse
785 1963 847 2009 non
874 1941 1006 2026 addidit,
1034 1963 1074 2008 ex
1099 1938 1169 2006 Mu-

27 2045 128 2113 sonti
154 2044 279 2130 quidem
307 2047 410 2132 capite
437 2065 460 2130 a
482 2045 568 2113 Stob.
594 2046 709 2113 tradito
737 2046 879 2112 hausisse
901 2065 962 2111 uon
990 2049 1104 2131 potest.
1130 2078 1169 2092 -—

131 2147 227 2214 Porro
265 2146 344 2214 Mus.
382 2156 520 2230 auctore,
558 2148 683 2214 etiamsi
719 2147 840 2213 nullum
874 2149 997 2234 corpori
1019 2146 1169 2212 damnum

25 2251 175 2338 pretiosi
196 2251 335 2336 variique
358 2251 420 2317 eibi
442 2249 601 2334 afferrent,
623 2258 730 2317 tamen
753 2250 818 2317 viro
841 2251 939 2337 probo
961 2248 1171 2336 praeferenda

27 2361 130 2420 esset
151 2352 270 2439 εὐτελὴς
291 2353 395 2442 τροφὴ,
420 2355 460 2418 ὅτι
483 2353 557 2440 αὕτη
578 2357 824 2443 σωφρονοιωτέρα.

26 2458 87 2519 ἵνα
110 2454 143 2520 δὲ
165 2457 292 2522 συνελὼν
315 2460 383 2522 εἴπω
398 2460 460 2548 περὶ
473 2462 585 2549 τροφῆς
638 2456 683 2524 cl.
707 2458 745 2544 ΙΙ,
768 2461 789 2523 2
810 2458 842 2522 τὸ
865 2455 950 2522 δὲέκ
972 2457 1045 2521 δυεῖν
1067 2458 1099 2520 re*
1115 2456 1172 2540 ζῆν

29 2562 71 2625 τὸ
108 2573 174 2641 πᾶν,
209 2561 284 2652 φημί
315 2565 371 2629 δεῖν
400 2565 504 2629 σκοπὸν
531 2563 583 2650 μὲν
634 2569 727 2640 τοῦτο,
766 2562 892 2649 ὑγιείας
926 2583 957 2626 τε
993 2563 1041 2630 καὶ
1076 2561 1174 2648 ἰσχύος

33 2666 136 2753 αὐτῆς
156 2670 293 2734 ποιεῖσθαι
321 2669 449 2756 ὑγίειάν
470 2692 506 2735 τε
528 2671 584 2734 καί
635 2669 781 2753 σύγκειται,
797 2673 846 2741 οἷς
872 2671 996 2754 μάλιστα
1021 2668 1172 2751 κατάλλη-

32 2774 155 2860 ὶσχιίν,
179 2773 221 2841 ad
243 2795 323 2861 quae
338 2775 482 2862 paranda
496 2776 583 2842 nulla
634 2775 686 2838 λον
708 2781 761 2861 τῆς
783 2778 894 2864 τροφῆς
914 2776 946 2838 τὸ
969 2775 1086 2840 εὔκολον
1108 2773 1170 2835 κτλ.

38 2898 126 2966 opus
155 2886 205 2946 est
229 2879 361 2946 luxuria
383 2915 424 2926 -
448 2877 536 2946 Haec
564 2878 604 2945 de
633 2881 724 2946 victu.
772 2880 927 2950 Vestitum
953 2879 1053 2964 (Stob.
1076 2878 1100 2960 Ι,
1130 2879 1171 2942 37

38 3081 226 3151 agriculturae
245 3082 451 3138 continentibus
466 3087 598 3154 excerpta
614 3087 678 3138 sunt
696 3100 748 3155 qee
772 3087 888 3156 praebet
909 3083 986 3140 suot.
1005 3083 1057 3138 sub
1075 3082 1120 3138 tit.
1139 3083 1173 3138 56

38 3165 107 3237 περὶ
124 3167 258 3240 γεωργίας
275 3165 313 3221 ὅτι
335 3163 451 3240 ἀγαθόν.
486 3170 570 3224 Alius
586 3169 663 3224 locus
682 3171 831 3225 communis
849 3188 867 3225 a
883 3171 954 3224 Mus.
972 3172 1105 3222 tractatus
1130 3173 1174 3223 est

41 3254 79 3307 de
97 3253 193 3308 exsilio
206 3253 317 3308 ferendo
335 3255 369 3308 de
389 3271 442 3325 quo
460 3269 513 3308 nou
531 3255 601 3316 male
620 3256 679 3324 egit
696 3254 802 3311 Greerd
820 3255 862 3310 De
883 3256 912 3310 la
928 3255 1037 3320 ¹morale
1056 3254 1090 3307 de
1107 3254 1172 3308 Plu·

40 3339 239 3408 tarquePeris
265 3341 329 3395 1874
352 3357 378 3410 p.
396 3342 456 3397 215.
481 3339 563 3395 Hune
584 3341 667 3411 igitur
688 3341 779 3397 locum
800 3345 953 3396 tractarunt
974 3345 1083 3411 praeter
1101 3339 1171 3400 llus.
1233 3335 1246 3346 ”

42 3423 134 3495 (Stob.
152 3423 189 3490 ΙΙ,
208 3425 426 3495 70-7ol'1ems
445 3442 525 3496 quem
542 3427 613 3483 llus.
631 3427 734 3496 legisse
753 3426 860 3482 videtur
878 3427 969 3492 (Stob.
986 3427 1023 3493 ΙΙ,
1041 3425 1172 3504 iiidie.

41 3510 140 3582 pared.
150 3513 167 3566 4
179 3512 262 3567 Tusc.
274 3511 313 3576 V.
327 3513 469 3577 too-109,
482 3512 554 3568 Plut
572 3511 636 3584 περὶ
648 3515 744 3583 φυγῆς,
763 3513 827 3569 Seu.
840 3513 875 3567 ed
887 3513 967 3568 Helu.
980 3517 1008 3567 et
1021 3513 1082 3567 aliis
1094 3512 1171 3578 locis,

42 3612 113 3668 quos
130 3598 285 3668 composuit
301 3597 392 3652 Zeller
408 3600 503 3669 ρ.,116
517 3599 579 3656 adn.
591 3601 617 3656 4.
642 3599 752 3670 Ubique
768 3600 879 3654 easdem
893 3600 1042 3660 sententias
1055 3598 1172 3652 inueniri

43 3699 98 3737 non
115 3681 210 3736 mirum
224 3687 275 3749 est,
288 3683 312 3738 si
324 3682 487 3754 respicimus
500 3683 557 3740 Cic.
570 3685 653 3739 'l'usc
664 3685 717 3750 ΙΙΙ,
730 3683 760 3739 81
782 3685 946 3756 „separatim
959 3689 1049 3739 certae
1062 3682 1171 3739 scholae

45 3772 110 3824 sunt
126 3768 159 3822 de
177 3767 292 3824 exsilio‘
310 3769 353 3839 (ei.
371 3770 500 3840 Bywster
516 3769 654 3825 Heracliti
670 3769 703 3826 fr.
721 3771 807 3840 prees.
824 3788 851 3842 p.
869 3769 917 3840 X).
943 3771 1004 3826 Hes
1021 3769 1171 3826 sententias

45 3853 190 3909 sollemnes
213 3853 341 3924 colligere
360 3855 594 3928 operaepretium
613 3859 666 3923 est,
684 3860 716 3910 ut
733 3873 815 3927 saepe
834 3861 897 3911 sunt
914 3855 1049 3910 collectae
1061 3859 1171 3909 senten·

44 3939 100 3993 ties
118 3938 334 3995 consolationum
351 3942 485 4014 propriae,
516 3941 604 3996 Locos
623 3958 641 3996 e
658 3941 779 3997 Stobaeo
796 3941 922 3996 laudatos
940 3942 991 3996 sub
1009 3942 1050 3996 tit.
1063 3943 1097 3994 40
1108 3938 1172 4010 περὶ

45 4021 119 4088 ξένιε
134 4041 168 4079 ex
185 4025 288 4080 telibm
306 4025 408 4080 libeliis
425 4025 535 4081 fluxisse
550 4027 644 4081 videor
654 4027 917 4082 mihi'elemonstrsre
929 4041 1019 4098 posse.
1046 4025 1171 4095 Denique

47 4112 81 4166 de
103 4109 270 4182 φιλαδελφίᾳ
292 4111 349 4180 egit
371 4111 443 4168 Mus.
466 4112 555 4179 (Stob.
574 4112 626 4177 III,
646 4113 706 4183 129)
729 4113 765 4168 ci.
782 4113 855 4168 Plut.
874 4113 981 4178 librum,
1003 4111 1074 4166 Xen.
1091 4128 1171 4168 mem.

49 4198 85 4264 ΙΙ,
102 4199 125 4263 3,
144 4199 157 4251 1
178 4196 239 4268 Oyr.
258 4196 337 4264 VIII,
356 4199 380 4264 7,
399 4197 441 4262 15,
460 4195 656 4252 stonense.
