<?xml version="1.0" encoding="UTF-8"?>
<!DOCTYPE html PUBLIC "-//W3C//DTD XHTML 1.0 Transitional//EN"
    "http://www.w3.org/TR/xhtml1/DTD/xhtml1-transitional.dtd">
<html xmlns="http://www.w3.org/1999/xhtml" xml:lang="en" lang="en">
 <head>
  <title>
</title>
<meta http-equiv="Content-Type" content="text/html;charset=utf-8" />
  <meta name='ocr-system' content='tesseract 3.04.00' />
  <meta name='ocr-capabilities' content='ocr_page ocr_carea ocr_par ocr_line ocrx_word'/>
</head>
<body>
  <div class='ocr_page' id='page_1' title='image "./quaestionesmuso01wendgoog_0047.png"; bbox 0 0 2878 4734; ppageno 0'>
   <div class='ocr_carea' id='block_1_1' title="bbox 745 287 955 350">
    <p class='ocr_par' dir='ltr' id='par_1_1' title="bbox 745 287 955 350">
     <span class='ocr_line' id='line_1_1' title="bbox 745 287 955 350; baseline 0.005 -17"><span class='ocrx_word' id='word_1_1' title='bbox 745 287 955 350; x_wconf 65' lang='lat'><strong>...33-</strong></span> 
     </span>
    </p>
   </div>
   <div class='ocr_carea' id='block_1_2' title="bbox 279 469 1425 4248">
    <p class='ocr_par' dir='ltr' id='par_1_2' title="bbox 283 469 1422 1578">
     <span class='ocr_line' id='line_1_2' title="bbox 285 469 1412 559; baseline -0.003 -20"><span class='ocrx_word' id='word_1_2' title='bbox 285 472 424 554; x_wconf 74' lang='lat' dir='ltr'><strong>rigorem</strong></span> <span class='ocrx_word' id='word_1_3' title='bbox 448 469 534 536; x_wconf 79' lang='lat' dir='ltr'><strong>illum</strong></span> <span class='ocrx_word' id='word_1_4' title='bbox 559 477 593 538; x_wconf 88' lang='lat' dir='ltr'><strong>et</strong></span> <span class='ocrx_word' id='word_1_5' title='bbox 618 472 783 551; x_wconf 85' lang='lat' dir='ltr'><strong>fervorem,</strong></span> <span class='ocrx_word' id='word_1_6' title='bbox 814 475 864 557; x_wconf 91' lang='lat' dir='ltr'><strong>qui</strong></span> <span class='ocrx_word' id='word_1_7' title='bbox 889 475 1064 558; x_wconf 87' lang='lat' dir='ltr'><strong>eomparari</strong></span> <span class='ocrx_word' id='word_1_8' title='bbox 1088 481 1193 559; x_wconf 89' lang='lat' dir='ltr'><strong>potest</strong></span> <span class='ocrx_word' id='word_1_9' title='bbox 1218 494 1291 539; x_wconf 89' lang='lat' dir='ltr'><strong>eum</strong></span> <span class='ocrx_word' id='word_1_10' title='bbox 1312 474 1412 539; x_wconf 86' lang='lat' dir='ltr'><strong>libello</strong></span> 
     </span>
     <span class='ocr_line' id='line_1_3' title="bbox 286 573 1412 662; baseline 0.001 -23"><span class='ocrx_word' id='word_1_11' title='bbox 286 575 339 658; x_wconf 89' lang='lat' dir='ltr'><strong>qui</strong></span> <span class='ocrx_word' id='word_1_12' title='bbox 365 574 462 640; x_wconf 82' lang='lat' dir='ltr'><strong>fertm</strong></span> <span class='ocrx_word' id='word_1_13' title='bbox 484 573 532 640; x_wconf 91' lang='lat' dir='ltr'><strong>De</strong></span> <span class='ocrx_word' id='word_1_14' title='bbox 555 575 760 642; x_wconf 85' lang='lat' dir='ltr'><strong>sublimitate.</strong></span> <span class='ocrx_word' id='word_1_15' title='bbox 811 575 846 641; x_wconf 94' lang='lat' dir='ltr'><strong>ln</strong></span> <span class='ocrx_word' id='word_1_16' title='bbox 869 578 1103 642; x_wconf 81' lang='lat' dir='ltr'><strong>commentariis</strong></span> <span class='ocrx_word' id='word_1_17' title='bbox 1131 578 1290 662; x_wconf 89' lang='lat' dir='ltr'><strong>reperitur</strong></span> <span class='ocrx_word' id='word_1_18' title='bbox 1317 580 1412 642; x_wconf 88' lang='lat' dir='ltr'><strong>oratio</strong></span> 
     </span>
     <span class='ocr_line' id='line_1_4' title="bbox 284 675 1415 762; baseline 0.004 -22"><span class='ocrx_word' id='word_1_19' title='bbox 284 677 357 761; x_wconf 85' lang='lat' dir='ltr'><strong>ipsa</strong></span> <span class='ocrx_word' id='word_1_20' title='bbox 388 693 510 760; x_wconf 88' lang='lat' dir='ltr'><strong>quoqne</strong></span> <span class='ocrx_word' id='word_1_21' title='bbox 544 675 727 758; x_wconf 76' lang='lat' dir='ltr'><strong>cultissima,</strong></span> <span class='ocrx_word' id='word_1_22' title='bbox 757 675 930 762; x_wconf 78' lang='lat' dir='ltr'><strong>simplicior</strong></span> <span class='ocrx_word' id='word_1_23' title='bbox 956 685 1061 743; x_wconf 88' lang='lat' dir='ltr'><strong>autem</strong></span> <span class='ocrx_word' id='word_1_24' title='bbox 1091 683 1123 742; x_wconf 91' lang='lat' dir='ltr'><strong>et</strong></span> <span class='ocrx_word' id='word_1_25' title='bbox 1149 681 1285 745; x_wconf 78' lang='lat' dir='ltr'><strong>tenuior.</strong></span> <span class='ocrx_word' id='word_1_26' title='bbox 1330 678 1415 754; x_wconf 84' lang='lat' dir='ltr'><strong>Quae</strong></span> 
     </span>
     <span class='ocr_line' id='line_1_5' title="bbox 285 777 1413 864; baseline 0.001 -20"><span class='ocrx_word' id='word_1_27' title='bbox 285 795 357 844; x_wconf 91' lang='lat' dir='ltr'><strong>oum</strong></span> <span class='ocrx_word' id='word_1_28' title='bbox 383 779 428 844; x_wconf 91' lang='lat' dir='ltr'><strong>ita</strong></span> <span class='ocrx_word' id='word_1_29' title='bbox 455 779 526 860; x_wconf 89' lang='lat' dir='ltr'><strong>sint,</strong></span> <span class='ocrx_word' id='word_1_30' title='bbox 556 777 744 844; x_wconf 86' lang='lat' dir='ltr'><strong>Musoniana</strong></span> <span class='ocrx_word' id='word_1_31' title='bbox 772 779 916 846; x_wconf 89' lang='lat' dir='ltr'><strong>dootrina</strong></span> <span class='ocrx_word' id='word_1_32' title='bbox 943 801 1022 864; x_wconf 87' lang='lat' dir='ltr'><strong>quae</strong></span> <span class='ocrx_word' id='word_1_33' title='bbox 1056 782 1088 846; x_wconf 91' lang='lat' dir='ltr'><strong>in</strong></span> <span class='ocrx_word' id='word_1_34' title='bbox 1116 779 1308 864; x_wconf 83' lang='lat' dir='ltr'><strong>Paedagogo</strong></span> <span class='ocrx_word' id='word_1_35' title='bbox 1342 802 1413 846; x_wconf 87' lang='lat' dir='ltr'><strong>ooo·</strong></span> 
     </span>
     <span class='ocr_line' id='line_1_6' title="bbox 284 881 1422 970; baseline 0.001 -24"><span class='ocrx_word' id='word_1_36' title='bbox 284 881 409 964; x_wconf 76' lang='lat' dir='ltr'><strong>tinetn&#39;r,</strong></span> <span class='ocrx_word' id='word_1_37' title='bbox 434 902 474 946; x_wconf 85' lang='lat' dir='ltr'><strong>ex</strong></span> <span class='ocrx_word' id='word_1_38' title='bbox 496 881 731 948; x_wconf 73' lang='lat' dir='ltr'><strong>commentariis</strong></span> <span class='ocrx_word' id='word_1_39' title='bbox 754 881 882 949; x_wconf 83' lang='lat' dir='ltr'><strong>duxisse</strong></span> <span class='ocrx_word' id='word_1_40' title='bbox 905 903 968 948; x_wconf 91' lang='lat' dir='ltr'><strong>non</strong></span> <span class='ocrx_word' id='word_1_41' title='bbox 991 890 1104 967; x_wconf 88' lang='lat' dir='ltr'><strong>potest.</strong></span> <span class='ocrx_word' id='word_1_42' title='bbox 1137 881 1220 970; x_wconf 93' lang='lat' dir='ltr'><strong>Ipse,</strong></span> <span class='ocrx_word' id='word_1_43' title='bbox 1244 881 1422 967; x_wconf 87' lang='lat' dir='ltr'><strong>antequam</strong></span> 
     </span>
     <span class='ocr_line' id='line_1_7' title="bbox 284 982 1411 1070; baseline 0 -22"><span class='ocrx_word' id='word_1_44' title='bbox 284 983 396 1048; x_wconf 82' lang='lat' dir='ltr'><strong>sairam</strong></span> <span class='ocrx_word' id='word_1_45' title='bbox 420 982 597 1050; x_wconf 91' lang='lat' dir='ltr'><strong>Musoniani</strong></span> <span class='ocrx_word' id='word_1_46' title='bbox 620 986 725 1069; x_wconf 83' lang='lat' dir='ltr'><strong>operis</strong></span> <span class='ocrx_word' id='word_1_47' title='bbox 740 986 925 1050; x_wconf 79' lang='lat' dir='ltr'><strong>memoriam</strong></span> <span class='ocrx_word' id='word_1_48' title='bbox 941 984 1025 1070; x_wconf 89' lang='lat' dir='ltr'><strong>apud</strong></span> <span class='ocrx_word' id='word_1_49' title='bbox 1042 985 1170 1050; x_wconf 89' lang='lat' dir='ltr'><strong>Suidam</strong></span> <span class='ocrx_word' id='word_1_50' title='bbox 1188 991 1220 1050; x_wconf 91' lang='lat' dir='ltr'><strong>et</strong></span> <span class='ocrx_word' id='word_1_51' title='bbox 1235 984 1411 1070; x_wconf 82' lang='lat' dir='ltr'><strong>Eunapium</strong></span> 
     </span>
     <span class='ocr_line' id='line_1_8' title="bbox 284 1085 1413 1174; baseline 0.002 -24"><span class='ocrx_word' id='word_1_52' title='bbox 284 1096 420 1168; x_wconf 81' lang='lat' dir='ltr'><strong>exstare,</strong></span> <span class='ocrx_word' id='word_1_53' title='bbox 443 1105 522 1171; x_wconf 92' lang='lat' dir='ltr'><strong>opus</strong></span> <span class='ocrx_word' id='word_1_54' title='bbox 546 1085 864 1174; x_wconf 22' lang='lat' dir='ltr'><strong>quoddam&#39;Musonii</strong></span> <span class='ocrx_word' id='word_1_55' title='bbox 886 1087 1005 1152; x_wconf 87' lang='lat' dir='ltr'><strong>fontem</strong></span> <span class='ocrx_word' id='word_1_56' title='bbox 1026 1087 1209 1170; x_wconf 85' lang='lat' dir='ltr'><strong>Paedagogi</strong></span> <span class='ocrx_word' id='word_1_57' title='bbox 1232 1089 1413 1154; x_wconf 76' lang='lat' dir='ltr'><strong>comminis</strong></span> 
     </span>
     <span class='ocr_line' id='line_1_9' title="bbox 283 1186 1411 1274; baseline 0 -22"><span class='ocrx_word' id='word_1_58' title='bbox 283 1187 387 1252; x_wconf 80' lang='lat' dir='ltr'><strong>uehar.</strong></span> <span class='ocrx_word' id='word_1_59' title='bbox 432 1186 479 1252; x_wconf 87' lang='lat' dir='ltr'><strong>Eo</strong></span> <span class='ocrx_word' id='word_1_60' title='bbox 513 1189 616 1254; x_wconf 92' lang='lat' dir='ltr'><strong>minus</strong></span> <span class='ocrx_word' id='word_1_61' title='bbox 650 1190 754 1274; x_wconf 90' lang='lat' dir='ltr'><strong>patiar</strong></span> <span class='ocrx_word' id='word_1_62' title='bbox 789 1189 870 1254; x_wconf 89' lang='lat' dir='ltr'><strong>hano</strong></span> <span class='ocrx_word' id='word_1_63' title='bbox 903 1191 1089 1256; x_wconf 80' lang='lat' dir='ltr'><strong>memoriam</strong></span> <span class='ocrx_word' id='word_1_64' title='bbox 1122 1191 1155 1254; x_wconf 93' lang='lat' dir='ltr'><strong>in</strong></span> <span class='ocrx_word' id='word_1_65' title='bbox 1183 1189 1411 1256; x_wconf 78' lang='lat' dir='ltr'><strong>dubitationem</strong></span> 
     </span>
     <span class='ocr_line' id='line_1_10' title="bbox 284 1289 1411 1375; baseline 0.001 -22"><span class='ocrx_word' id='word_1_66' title='bbox 284 1289 398 1372; x_wconf 87' lang='lat' dir='ltr'><strong>roeari,</strong></span> <span class='ocrx_word' id='word_1_67' title='bbox 432 1290 528 1355; x_wconf 92' lang='lat' dir='ltr'><strong>immo</strong></span> <span class='ocrx_word' id='word_1_68' title='bbox 562 1291 659 1355; x_wconf 91' lang='lat' dir='ltr'><strong>etiam</strong></span> <span class='ocrx_word' id='word_1_69' title='bbox 687 1310 726 1356; x_wconf 90' lang='lat' dir='ltr'><strong>ea</strong></span> <span class='ocrx_word' id='word_1_70' title='bbox 753 1313 787 1356; x_wconf 91' lang='lat' dir='ltr'><strong>re</strong></span> <span class='ocrx_word' id='word_1_71' title='bbox 815 1291 1010 1373; x_wconf 77' lang='lat' dir='ltr'><strong>confirmem,</strong></span> <span class='ocrx_word' id='word_1_72' title='bbox 1039 1290 1122 1375; x_wconf 89' lang='lat' dir='ltr'><strong>quod</strong></span> <span class='ocrx_word' id='word_1_73' title='bbox 1150 1291 1315 1357; x_wconf 88' lang='lat' dir='ltr'><strong>Hierooles</strong></span> <span class='ocrx_word' id='word_1_74' title='bbox 1345 1313 1411 1356; x_wconf 90' lang='lat' dir='ltr'><strong>eum</strong></span> 
     </span>
     <span class='ocr_line' id='line_1_11' title="bbox 284 1390 1411 1476; baseline 0.003 -22"><span class='ocrx_word' id='word_1_75' title='bbox 284 1390 409 1470; x_wconf 91' lang='lat' dir='ltr'><strong>librum,</strong></span> <span class='ocrx_word' id='word_1_76' title='bbox 437 1393 469 1456; x_wconf 93' lang='lat' dir='ltr'><strong>in</strong></span> <span class='ocrx_word' id='word_1_77' title='bbox 496 1410 557 1474; x_wconf 90' lang='lat' dir='ltr'><strong>quo</strong></span> <span class='ocrx_word' id='word_1_78' title='bbox 585 1390 720 1458; x_wconf 88' lang='lat' dir='ltr'><strong>Musonii</strong></span> <span class='ocrx_word' id='word_1_79' title='bbox 750 1394 883 1473; x_wconf 83' lang='lat' dir='ltr'><strong>vestigia</strong></span> <span class='ocrx_word' id='word_1_80' title='bbox 910 1398 1038 1459; x_wconf 81' lang='lat' dir='ltr'><strong>secutus</strong></span> <span class='ocrx_word' id='word_1_81' title='bbox 1066 1399 1124 1476; x_wconf 88' lang='lat' dir='ltr'><strong>est,</strong></span> <span class='ocrx_word' id='word_1_82' title='bbox 1147 1401 1182 1458; x_wconf 90' lang='lat' dir='ltr'><strong>ut</strong></span> <span class='ocrx_word' id='word_1_83' title='bbox 1204 1393 1289 1458; x_wconf 88' lang='lat' dir='ltr'><strong>infra</strong></span> <span class='ocrx_word' id='word_1_84' title='bbox 1313 1401 1411 1458; x_wconf 85' lang='lat' dir='ltr'><strong>osten-</strong></span> 
     </span>
     <span class='ocr_line' id='line_1_12' title="bbox 284 1491 935 1578; baseline 0.003 -22"><span class='ocrx_word' id='word_1_85' title='bbox 284 1491 368 1574; x_wconf 91' lang='lat' dir='ltr'><strong>dam,</strong></span> <span class='ocrx_word' id='word_1_86' title='bbox 390 1491 501 1558; x_wconf 89' lang='lat' dir='ltr'><strong>eodem</strong></span> <span class='ocrx_word' id='word_1_87' title='bbox 525 1493 626 1576; x_wconf 68' lang='grc' dir='ltr'><strong>Λόγων</strong></span> <span class='ocrx_word' id='word_1_88' title='bbox 653 1493 743 1559; x_wconf 86' lang='lat' dir='ltr'><strong>titolo</strong></span> <span class='ocrx_word' id='word_1_89' title='bbox 766 1496 935 1578; x_wconf 80' lang='lat' dir='ltr'><strong>inscripsit.</strong></span> 
     </span>
    </p>

    <p class='ocr_par' dir='ltr' id='par_1_3' title="bbox 282 1593 1424 2199">
     <span class='ocr_line' id='line_1_13' title="bbox 370 1593 1411 1682; baseline 0.002 -24"><span class='ocrx_word' id='word_1_90' title='bbox 370 1593 459 1670; x_wconf 83' lang='lat' dir='ltr'><strong>Quod</strong></span> <span class='ocrx_word' id='word_1_91' title='bbox 484 1614 555 1662; x_wconf 90' lang='lat' dir='ltr'><strong>vero</strong></span> <span class='ocrx_word' id='word_1_92' title='bbox 580 1604 775 1680; x_wconf 87' lang='lat' dir='ltr'><strong>potestesse</strong></span> <span class='ocrx_word' id='word_1_93' title='bbox 799 1597 1161 1678; x_wconf 83' lang='lat' dir='ltr'><strong>graviustestimonium</strong></span> <span class='ocrx_word' id='word_1_94' title='bbox 1191 1616 1285 1678; x_wconf 89' lang='lat' dir='ltr'><strong>quam</strong></span> <span class='ocrx_word' id='word_1_95' title='bbox 1317 1599 1411 1682; x_wconf 85' lang='lat' dir='ltr'><strong>ipsius</strong></span> 
     </span>
     <span class='ocr_line' id='line_1_14' title="bbox 284 1695 1411 1782; baseline 0.003 -21"><span class='ocrx_word' id='word_1_96' title='bbox 284 1695 464 1777; x_wconf 87' lang='lat' dir='ltr'><strong>Clementis,</strong></span> <span class='ocrx_word' id='word_1_97' title='bbox 492 1699 544 1780; x_wconf 93' lang='lat' dir='ltr'><strong>qui</strong></span> <span class='ocrx_word' id='word_1_98' title='bbox 577 1699 650 1762; x_wconf 87' lang='lat' dir='ltr'><strong>furti</strong></span> <span class='ocrx_word' id='word_1_99' title='bbox 684 1695 756 1762; x_wconf 87' lang='lat' dir='ltr'><strong>reus</strong></span> <span class='ocrx_word' id='word_1_100' title='bbox 785 1698 852 1782; x_wconf 88' lang='lat' dir='ltr'><strong>ipsa</strong></span> <span class='ocrx_word' id='word_1_101' title='bbox 881 1717 915 1764; x_wconf 93' lang='lat' dir='ltr'><strong>se</strong></span> <span class='ocrx_word' id='word_1_102' title='bbox 944 1699 1110 1778; x_wconf 75' lang='lat' dir='ltr'><strong>moriame,</strong></span> <span class='ocrx_word' id='word_1_103' title='bbox 1140 1717 1210 1762; x_wconf 89' lang='lat' dir='ltr'><strong>oum</strong></span> <span class='ocrx_word' id='word_1_104' title='bbox 1241 1719 1304 1762; x_wconf 91' lang='lat' dir='ltr'><strong>non</strong></span> <span class='ocrx_word' id='word_1_105' title='bbox 1342 1702 1411 1764; x_wconf 83' lang='lat' dir='ltr'><strong>satis</strong></span> 
     </span>
     <span class='ocr_line' id='line_1_15' title="bbox 283 1798 1410 1885; baseline 0.002 -22"><span class='ocrx_word' id='word_1_106' title='bbox 283 1803 376 1865; x_wconf 90' lang='lat' dir='ltr'><strong>oaute</strong></span> <span class='ocrx_word' id='word_1_107' title='bbox 399 1801 431 1864; x_wconf 95' lang='lat' dir='ltr'><strong>in</strong></span> <span class='ocrx_word' id='word_1_108' title='bbox 454 1799 587 1866; x_wconf 87' lang='lat' dir='ltr'><strong>furando</strong></span> <span class='ocrx_word' id='word_1_109' title='bbox 611 1821 645 1866; x_wconf 90' lang='lat' dir='ltr'><strong>se</strong></span> <span class='ocrx_word' id='word_1_110' title='bbox 667 1798 769 1880; x_wconf 80' lang='lat' dir='ltr'><strong>gerit?</strong></span> <span class='ocrx_word' id='word_1_111' title='bbox 803 1799 952 1881; x_wconf 79' lang='lat' dir='ltr'><strong>Legimus</strong></span> <span class='ocrx_word' id='word_1_112' title='bbox 974 1801 1069 1881; x_wconf 81' lang='lat' dir='ltr'><strong>igitur</strong></span> <span class='ocrx_word' id='word_1_113' title='bbox 1090 1798 1142 1881; x_wconf 88' lang='lat' dir='ltr'><strong>lli,</strong></span> <span class='ocrx_word' id='word_1_114' title='bbox 1165 1803 1205 1864; x_wconf 86' lang='grc'><strong>41</strong></span> <span class='ocrx_word' id='word_1_115' title='bbox 1231 1821 1261 1885; x_wconf 89' lang='lat' dir='ltr'><strong>p.</strong></span> <span class='ocrx_word' id='word_1_116' title='bbox 1278 1802 1346 1863; x_wconf 82' lang='lat'><strong>278</strong></span> <span class='ocrx_word' id='word_1_117' title='bbox 1370 1802 1410 1865; x_wconf 90' lang='lat' dir='ltr'><strong>P.:</strong></span> 
     </span>
     <span class='ocr_line' id='line_1_16' title="bbox 284 1901 1424 1991; baseline 0 -27"><span class='ocrx_word' id='word_1_118' title='bbox 284 1903 360 1971; x_wconf 79' lang='grc' dir='ltr'><strong>ὅπως</strong></span> <span class='ocrx_word' id='word_1_119' title='bbox 383 1903 433 1985; x_wconf 80' lang='grc' dir='ltr'><strong>μὲν</strong></span> <span class='ocrx_word' id='word_1_120' title='bbox 457 1902 504 1965; x_wconf 81' lang='grc' dir='ltr'><strong>οὖν</strong></span> <span class='ocrx_word' id='word_1_121' title='bbox 528 1903 699 1986; x_wconf 77' lang='grc' dir='ltr'><strong>σομβιωτέον</strong></span> <span class='ocrx_word' id='word_1_122' title='bbox 723 1903 801 1989; x_wconf 73' lang='grc' dir='ltr'>ἀνδρὶ</span> <span class='ocrx_word' id='word_1_123' title='bbox 822 1903 875 1986; x_wconf 81' lang='grc' dir='ltr'><strong>τὴν</strong></span> <span class='ocrx_word' id='word_1_124' title='bbox 897 1911 1013 1986; x_wconf 60' lang='grc' dir='ltr'>γυναῖκα</span> <span class='ocrx_word' id='word_1_125' title='bbox 1035 1905 1082 1965; x_wconf 81' lang='grc' dir='ltr'><strong>καὶ</strong></span> <span class='ocrx_word' id='word_1_126' title='bbox 1104 1904 1166 1990; x_wconf 81' lang='grc' dir='ltr'>περὶ</span> <span class='ocrx_word' id='word_1_127' title='bbox 1189 1904 1358 1991; x_wconf 64' lang='grc' dir='ltr'><strong>αὐτουργίαι</strong></span> <span class='ocrx_word' id='word_1_128' title='bbox 1373 1901 1424 1984; x_wconf 64' lang='lat' dir='ltr'><strong>rui}</strong></span> 
     </span>
     <span class='ocr_line' id='line_1_17' title="bbox 283 2007 1424 2095; baseline 0.004 -27"><span class='ocrx_word' id='word_1_129' title='bbox 283 2008 421 2093; x_wconf 77' lang='grc' dir='ltr'><strong>οἰκουρίας</strong></span> <span class='ocrx_word' id='word_1_130' title='bbox 443 2008 490 2069; x_wconf 82' lang='grc' dir='ltr'><strong>καὶ</strong></span> <span class='ocrx_word' id='word_1_131' title='bbox 520 2009 634 2070; x_wconf 77' lang='grc' dir='ltr'><strong>οἰκετῶν</strong></span> <span class='ocrx_word' id='word_1_132' title='bbox 661 2012 803 2094; x_wconf 75' lang='grc' dir='ltr'><strong>χρήσεως,</strong></span> <span class='ocrx_word' id='word_1_133' title='bbox 832 2009 902 2094; x_wconf 82' lang='grc' dir='ltr'><strong>πρὸς</strong></span> <span class='ocrx_word' id='word_1_134' title='bbox 928 2007 960 2070; x_wconf 74' lang='grc' dir='ltr'><strong>δὲ</strong></span> <span class='ocrx_word' id='word_1_135' title='bbox 987 2008 1034 2070; x_wconf 87' lang='grc' dir='ltr'><strong>καὶ</strong></span> <span class='ocrx_word' id='word_1_136' title='bbox 1060 2016 1113 2092; x_wconf 76' lang='grc' dir='ltr'><strong>τῆς</strong></span> <span class='ocrx_word' id='word_1_137' title='bbox 1140 2009 1218 2095; x_wconf 80' lang='grc' dir='ltr'><strong>ὥρας</strong></span> <span class='ocrx_word' id='word_1_138' title='bbox 1244 2017 1295 2072; x_wconf 81' lang='grc' dir='ltr'><strong>τοῦ</strong></span> <span class='ocrx_word' id='word_1_139' title='bbox 1327 2009 1424 2092; x_wconf 59' lang='lat' dir='ltr'><strong>qu&#39;pou</strong></span> 
     </span>
     <span class='ocr_line' id='line_1_18' title="bbox 282 2101 1323 2199; baseline 0.003 -26"><span class='ocrx_word' id='word_1_140' title='bbox 282 2113 330 2173; x_wconf 79' lang='grc' dir='ltr'><strong>καὶ</strong></span> <span class='ocrx_word' id='word_1_141' title='bbox 352 2119 408 2174; x_wconf 80' lang='grc' dir='ltr'><strong>τῶν</strong></span> <span class='ocrx_word' id='word_1_142' title='bbox 432 2114 485 2175; x_wconf 86' lang='grc' dir='ltr'><strong>ὅσα</strong></span> <span class='ocrx_word' id='word_1_143' title='bbox 508 2101 628 2196; x_wconf 65' lang='grc' dir='ltr'>γυναιξὶν</span> <span class='ocrx_word' id='word_1_144' title='bbox 652 2115 781 2199; x_wconf 73' lang='grc' dir='ltr'><strong>ἁρμόζει,</strong></span> <span class='ocrx_word' id='word_1_145' title='bbox 806 2112 836 2174; x_wconf 86' lang='grc' dir='ltr'><strong>ἐν</strong></span> <span class='ocrx_word' id='word_1_146' title='bbox 858 2119 900 2197; x_wconf 81' lang='grc' dir='ltr'><strong>τῷ</strong></span> <span class='ocrx_word' id='word_1_147' title='bbox 921 2111 1054 2197; x_wconf 65' lang='grc' dir='ltr'>γαμικῷ</span> <span class='ocrx_word' id='word_1_148' title='bbox 1076 2103 1195 2196; x_wconf 77' lang='grc' dir='ltr'><strong>διέξιμεν</strong></span> <span class='ocrx_word' id='word_1_149' title='bbox 1217 2115 1323 2199; x_wconf 63' lang='grc' dir='ltr'><strong>λόγῳ.</strong></span> 
     </span>
    </p>

    <p class='ocr_par' dir='ltr' id='par_1_4' title="bbox 279 2215 1425 4146">
     <span class='ocr_line' id='line_1_19' title="bbox 370 2215 1410 2298; baseline 0 -18"><span class='ocrx_word' id='word_1_150' title='bbox 370 2215 426 2283; x_wconf 89' lang='lat' dir='ltr'><strong>His</strong></span> <span class='ocrx_word' id='word_1_151' title='bbox 460 2218 563 2283; x_wconf 90' lang='lat' dir='ltr'><strong>verbis</strong></span> <span class='ocrx_word' id='word_1_152' title='bbox 597 2218 656 2282; x_wconf 90' lang='lat' dir='ltr'><strong>nisi</strong></span> <span class='ocrx_word' id='word_1_153' title='bbox 690 2236 800 2283; x_wconf 90' lang='lat' dir='ltr'><strong>omnes</strong></span> <span class='ocrx_word' id='word_1_154' title='bbox 835 2215 972 2298; x_wconf 79' lang='lat' dir='ltr'><strong>theologi</strong></span> <span class='ocrx_word' id='word_1_155' title='bbox 1007 2221 1183 2282; x_wconf 89' lang='lat' dir='ltr'><strong>statuerunt</strong></span> <span class='ocrx_word' id='word_1_156' title='bbox 1215 2216 1410 2282; x_wconf 79' lang='lat' dir='ltr'><strong>Clementem</strong></span> 
     </span>
     <span class='ocr_line' id='line_1_20' title="bbox 283 2318 1409 2405; baseline 0.006 -23"><span class='ocrx_word' id='word_1_157' title='bbox 283 2318 446 2384; x_wconf 83' lang='lat' dir='ltr'><strong>eonsilium</strong></span> <span class='ocrx_word' id='word_1_158' title='bbox 470 2321 593 2405; x_wconf 89' lang='lat' dir='ltr'><strong>oepisse</strong></span> <span class='ocrx_word' id='word_1_159' title='bbox 616 2320 742 2404; x_wconf 91' lang='lat' dir='ltr'><strong>proprio</strong></span> <span class='ocrx_word' id='word_1_160' title='bbox 764 2319 855 2401; x_wconf 90' lang='lat' dir='ltr'><strong>libro,</strong></span> <span class='ocrx_word' id='word_1_161' title='bbox 879 2337 972 2402; x_wconf 89' lang='lat' dir='ltr'><strong>quem</strong></span> <span class='ocrx_word' id='word_1_162' title='bbox 996 2319 1090 2384; x_wconf 88' lang='lat' dir='ltr'><strong>vellet</strong></span> <span class='ocrx_word' id='word_1_163' title='bbox 1118 2320 1292 2386; x_wconf 91' lang='lat' dir='ltr'><strong>insoribere</strong></span> <span class='ocrx_word' id='word_1_164' title='bbox 1321 2322 1409 2404; x_wconf 63' lang='grc' dir='ltr'><strong>Λόγος</strong></span> 
     </span>
     <span class='ocr_line' id='line_1_21' title="bbox 280 2420 1408 2505; baseline 0.004 -22"><span class='ocrx_word' id='word_1_165' title='bbox 280 2425 413 2505; x_wconf 62' lang='lat' dir='ltr'><strong>popum,</strong></span> <span class='ocrx_word' id='word_1_166' title='bbox 447 2421 494 2487; x_wconf 88' lang='lat' dir='ltr'><strong>his</strong></span> <span class='ocrx_word' id='word_1_167' title='bbox 527 2421 567 2487; x_wconf 90' lang='lat' dir='ltr'><strong>de</strong></span> <span class='ocrx_word' id='word_1_168' title='bbox 597 2422 691 2488; x_wconf 88' lang='lat' dir='ltr'><strong>rebus</strong></span> <span class='ocrx_word' id='word_1_169' title='bbox 724 2441 827 2503; x_wconf 84' lang='lat' dir='ltr'><strong>agere.</strong></span> <span class='ocrx_word' id='word_1_170' title='bbox 872 2420 916 2486; x_wconf 84' lang='lat' dir='ltr'><strong>At</strong></span> <span class='ocrx_word' id='word_1_171' title='bbox 942 2420 1033 2486; x_wconf 92' lang='lat' dir='ltr'><strong>huius</strong></span> <span class='ocrx_word' id='word_1_172' title='bbox 1059 2421 1132 2486; x_wconf 90' lang='lat' dir='ltr'><strong>libri</strong></span> <span class='ocrx_word' id='word_1_173' title='bbox 1159 2442 1219 2487; x_wconf 90' lang='lat' dir='ltr'><strong>neo</strong></span> <span class='ocrx_word' id='word_1_174' title='bbox 1247 2424 1321 2489; x_wconf 89' lang='lat' dir='ltr'><strong>vola</strong></span> <span class='ocrx_word' id='word_1_175' title='bbox 1355 2445 1408 2490; x_wconf 83' lang='lat' dir='ltr'><strong>uer</strong></span> 
     </span>
     <span class='ocr_line' id='line_1_22' title="bbox 283 2523 1407 2608; baseline 0 -18"><span class='ocrx_word' id='word_1_176' title='bbox 283 2526 450 2608; x_wconf 80' lang='lat' dir='ltr'><strong>vestigium</strong></span> <span class='ocrx_word' id='word_1_177' title='bbox 474 2530 586 2605; x_wconf 82' lang='lat' dir='ltr'><strong>exstat,</strong></span> <span class='ocrx_word' id='word_1_178' title='bbox 614 2530 647 2590; x_wconf 87' lang='lat' dir='ltr'><strong>et</strong></span> <span class='ocrx_word' id='word_1_179' title='bbox 672 2543 753 2606; x_wconf 85' lang='lat' dir='ltr'><strong>nego</strong></span> <span class='ocrx_word' id='word_1_180' title='bbox 777 2543 926 2607; x_wconf 91' lang='lat' dir='ltr'><strong>umquam</strong></span> <span class='ocrx_word' id='word_1_181' title='bbox 954 2523 1150 2604; x_wconf 75' lang='lat' dir='ltr'><strong>Clementem</strong></span> <span class='ocrx_word' id='word_1_182' title='bbox 1178 2525 1272 2591; x_wconf 88' lang='lat' dir='ltr'><strong>istum</strong></span> <span class='ocrx_word' id='word_1_183' title='bbox 1295 2526 1407 2592; x_wconf 88' lang='lat' dir='ltr'><strong>librum</strong></span> 
     </span>
     <span class='ocr_line' id='line_1_23' title="bbox 282 2626 1425 2713; baseline 0 -19"><span class='ocrx_word' id='word_1_184' title='bbox 282 2636 334 2694; x_wconf 85' lang='lat' dir='ltr'><strong>ant</strong></span> <span class='ocrx_word' id='word_1_185' title='bbox 356 2628 493 2694; x_wconf 88' lang='lat' dir='ltr'><strong>seribere</strong></span> <span class='ocrx_word' id='word_1_186' title='bbox 516 2626 574 2692; x_wconf 89' lang='lat' dir='ltr'><strong>sibi</strong></span> <span class='ocrx_word' id='word_1_187' title='bbox 598 2627 800 2711; x_wconf 87' lang='lat' dir='ltr'><strong>proposuisse</strong></span> <span class='ocrx_word' id='word_1_188' title='bbox 822 2632 876 2691; x_wconf 94' lang='lat' dir='ltr'><strong>aut</strong></span> <span class='ocrx_word' id='word_1_189' title='bbox 899 2626 1073 2711; x_wconf 74' lang='lat' dir='ltr'><strong>sumpsisse,</strong></span> <span class='ocrx_word' id='word_1_190' title='bbox 1090 2628 1163 2708; x_wconf 88' lang='lat' dir='ltr'><strong>quia</strong></span> <span class='ocrx_word' id='word_1_191' title='bbox 1177 2626 1250 2693; x_wconf 88' lang='lat' dir='ltr'><strong>illas</strong></span> <span class='ocrx_word' id='word_1_192' title='bbox 1266 2649 1318 2695; x_wconf 90' lang='lat' dir='ltr'><strong>res</strong></span> <span class='ocrx_word' id='word_1_193' title='bbox 1336 2651 1425 2713; x_wconf 42' lang='lat' dir='ltr'><strong>quasi</strong></span> 
     </span>
     <span class='ocr_line' id='line_1_24' title="bbox 282 2717 1425 2815; baseline 0 -20"><span class='ocrx_word' id='word_1_194' title='bbox 282 2732 436 2815; x_wconf 89' lang='lat' dir='ltr'><strong>promittit</strong></span> <span class='ocrx_word' id='word_1_195' title='bbox 466 2749 503 2810; x_wconf 61' lang='lat' dir='ltr'><strong>⁴se</strong></span> <span class='ocrx_word' id='word_1_196' title='bbox 538 2735 742 2794; x_wconf 79' lang='lat' dir='ltr'><strong>tractaturum</strong></span> <span class='ocrx_word' id='word_1_197' title='bbox 777 2748 859 2810; x_wconf 86' lang='lat' dir='ltr'><strong>esso,</strong></span> <span class='ocrx_word' id='word_1_198' title='bbox 890 2735 996 2813; x_wconf 88' lang='lat' dir='ltr'><strong>paene</strong></span> <span class='ocrx_word' id='word_1_199' title='bbox 1030 2747 1141 2796; x_wconf 89' lang='lat' dir='ltr'><strong>omnes</strong></span> <span class='ocrx_word' id='word_1_200' title='bbox 1174 2735 1292 2797; x_wconf 83' lang='lat' dir='ltr'><strong>tractat</strong></span> <span class='ocrx_word' id='word_1_201' title='bbox 1318 2717 1425 2796; x_wconf 31' lang='lat' dir='ltr'><strong>huius*</strong></span> 
     </span>
     <span class='ocr_line' id='line_1_25' title="bbox 282 2828 1408 2919; baseline 0.003 -23"><span class='ocrx_word' id='word_1_202' title='bbox 282 2833 365 2898; x_wconf 88' lang='lat' dir='ltr'><strong>tertii</strong></span> <span class='ocrx_word' id='word_1_203' title='bbox 387 2831 459 2897; x_wconf 89' lang='lat' dir='ltr'><strong>libri</strong></span> <span class='ocrx_word' id='word_1_204' title='bbox 484 2850 510 2896; x_wconf 91' lang='grc' dir='ltr'><strong>ο.</strong></span> <span class='ocrx_word' id='word_1_205' title='bbox 537 2831 577 2893; x_wconf 92' lang='grc'><strong>10</strong></span> <span class='ocrx_word' id='word_1_206' title='bbox 600 2837 632 2894; x_wconf 90' lang='lat' dir='ltr'><strong>et</strong></span> <span class='ocrx_word' id='word_1_207' title='bbox 655 2833 704 2893; x_wconf 94' lang='lat'><strong>11.</strong></span> <span class='ocrx_word' id='word_1_208' title='bbox 750 2828 844 2895; x_wconf 91' lang='lat' dir='ltr'><strong>Dioat</strong></span> <span class='ocrx_word' id='word_1_209' title='bbox 864 2831 960 2913; x_wconf 81' lang='lat' dir='ltr'><strong>igitur</strong></span> <span class='ocrx_word' id='word_1_210' title='bbox 982 2829 1094 2914; x_wconf 83' lang='lat' dir='ltr'><strong>aliquis</strong></span> <span class='ocrx_word' id='word_1_211' title='bbox 1116 2835 1188 2916; x_wconf 92' lang='lat' dir='ltr'><strong>ipsa</strong></span> <span class='ocrx_word' id='word_1_212' title='bbox 1209 2831 1289 2899; x_wconf 84' lang='lat' dir='ltr'><strong>haee</strong></span> <span class='ocrx_word' id='word_1_213' title='bbox 1304 2836 1408 2919; x_wconf 83' lang='lat' dir='ltr'><strong>capita</strong></span> 
     </span>
     <span class='ocr_line' id='line_1_26' title="bbox 284 2930 1407 3017; baseline -0.001 -18"><span class='ocrx_word' id='word_1_214' title='bbox 284 2954 303 2999; x_wconf 93' lang='lat' dir='ltr'><strong>a</strong></span> <span class='ocrx_word' id='word_1_215' title='bbox 342 2935 505 2999; x_wconf 86' lang='lat' dir='ltr'><strong>Clemente</strong></span> <span class='ocrx_word' id='word_1_216' title='bbox 544 2931 724 3014; x_wconf 76' lang='lat' dir='ltr'><strong>significari.</strong></span> <span class='ocrx_word' id='word_1_217' title='bbox 782 2930 900 2997; x_wconf 88' lang='lat' dir='ltr'><strong>Tamen</strong></span> <span class='ocrx_word' id='word_1_218' title='bbox 941 2931 1059 3017; x_wconf 82' lang='lat' dir='ltr'><strong>duplex</strong></span> <span class='ocrx_word' id='word_1_219' title='bbox 1098 2940 1196 2999; x_wconf 88' lang='lat' dir='ltr'><strong>restat</strong></span> <span class='ocrx_word' id='word_1_220' title='bbox 1229 2933 1407 3002; x_wconf 77' lang='lat' dir='ltr'><strong>difficultas.</strong></span> 
     </span>
     <span class='ocr_line' id='line_1_27' title="bbox 283 3033 1408 3125; baseline 0.001 -24"><span class='ocrx_word' id='word_1_221' title='bbox 283 3035 434 3118; x_wconf 88' lang='lat' dir='ltr'><strong>Primum,</strong></span> <span class='ocrx_word' id='word_1_222' title='bbox 463 3054 533 3100; x_wconf 89' lang='lat' dir='ltr'><strong>oum</strong></span> <span class='ocrx_word' id='word_1_223' title='bbox 558 3033 705 3100; x_wconf 89' lang='lat' dir='ltr'><strong>Clemens</strong></span> <span class='ocrx_word' id='word_1_224' title='bbox 728 3053 792 3099; x_wconf 91' lang='lat' dir='ltr'><strong>non</strong></span> <span class='ocrx_word' id='word_1_225' title='bbox 815 3036 941 3119; x_wconf 90' lang='lat' dir='ltr'><strong>proprie</strong></span> <span class='ocrx_word' id='word_1_226' title='bbox 954 3035 1161 3125; x_wconf 77' lang='lat' dir='ltr'><strong>inscripserit</strong></span> <span class='ocrx_word' id='word_1_227' title='bbox 1183 3036 1230 3100; x_wconf 89' lang='lat' dir='ltr'><strong>his</strong></span> <span class='ocrx_word' id='word_1_228' title='bbox 1255 3038 1408 3122; x_wconf 81' lang='lat' dir='ltr'><strong>capitibus</strong></span> 
     </span>
     <span class='ocr_line' id='line_1_28' title="bbox 280 3135 1407 3222; baseline 0.002 -20"><span class='ocrx_word' id='word_1_229' title='bbox 280 3139 403 3204; x_wconf 84' lang='lat' dir='ltr'><strong>titulum</strong></span> <span class='ocrx_word' id='word_1_230' title='bbox 432 3139 525 3222; x_wconf 67' lang='lat' dir='ltr'><strong>Adrou</strong></span> <span class='ocrx_word' id='word_1_231' title='bbox 551 3140 677 3220; x_wconf 66' lang='grc' dir='ltr'><strong>γαμικόι,</strong></span> <span class='ocrx_word' id='word_1_232' title='bbox 706 3135 876 3202; x_wconf 78' lang='lat' dir='ltr'><strong>admodum</strong></span> <span class='ocrx_word' id='word_1_233' title='bbox 907 3135 1041 3202; x_wconf 86' lang='lat' dir='ltr'><strong>obseura</strong></span> <span class='ocrx_word' id='word_1_234' title='bbox 1067 3145 1116 3202; x_wconf 89' lang='lat' dir='ltr'><strong>est</strong></span> <span class='ocrx_word' id='word_1_235' title='bbox 1142 3137 1221 3203; x_wconf 80' lang='lat' dir='ltr'><strong>liaeo</strong></span> <span class='ocrx_word' id='word_1_236' title='bbox 1250 3139 1293 3204; x_wconf 92' lang='lat' dir='ltr'><strong>ad</strong></span> <span class='ocrx_word' id='word_1_237' title='bbox 1327 3141 1407 3204; x_wconf 89' lang='lat' dir='ltr'><strong>inse·</strong></span> 
     </span>
     <span class='ocr_line' id='line_1_29' title="bbox 282 3238 1406 3324; baseline -0.001 -19"><span class='ocrx_word' id='word_1_238' title='bbox 282 3241 410 3324; x_wconf 89' lang='lat' dir='ltr'><strong>quentia</strong></span> <span class='ocrx_word' id='word_1_239' title='bbox 434 3239 597 3324; x_wconf 84' lang='lat' dir='ltr'><strong>relegandi</strong></span> <span class='ocrx_word' id='word_1_240' title='bbox 624 3242 713 3322; x_wconf 88' lang='lat' dir='ltr'><strong>ratio,</strong></span> <span class='ocrx_word' id='word_1_241' title='bbox 742 3239 884 3324; x_wconf 87' lang='lat' dir='ltr'><strong>quamvis</strong></span> <span class='ocrx_word' id='word_1_242' title='bbox 912 3238 1085 3304; x_wconf 89' lang='lat' dir='ltr'><strong>oonuedam</strong></span> <span class='ocrx_word' id='word_1_243' title='bbox 1119 3240 1266 3306; x_wconf 87' lang='lat' dir='ltr'><strong>liberiore</strong></span> <span class='ocrx_word' id='word_1_244' title='bbox 1290 3243 1406 3308; x_wconf 83' lang='lat' dir='ltr'><strong>citandi</strong></span> 
     </span>
     <span class='ocr_line' id='line_1_30' title="bbox 282 3341 1407 3429; baseline 0.003 -24"><span class='ocrx_word' id='word_1_245' title='bbox 282 3343 403 3408; x_wconf 90' lang='lat' dir='ltr'><strong>ratione</strong></span> <span class='ocrx_word' id='word_1_246' title='bbox 426 3348 549 3410; x_wconf 83' lang='lat' dir='ltr'><strong>veteres</strong></span> <span class='ocrx_word' id='word_1_247' title='bbox 572 3362 646 3409; x_wconf 91' lang='lat' dir='ltr'><strong>usos</strong></span> <span class='ocrx_word' id='word_1_248' title='bbox 670 3363 750 3408; x_wconf 86' lang='lat' dir='ltr'><strong>esse.</strong></span> <span class='ocrx_word' id='word_1_249' title='bbox 786 3341 863 3406; x_wconf 88' lang='lat' dir='ltr'><strong>Tum</strong></span> <span class='ocrx_word' id='word_1_250' title='bbox 889 3361 960 3407; x_wconf 90' lang='lat' dir='ltr'><strong>vero</strong></span> <span class='ocrx_word' id='word_1_251' title='bbox 984 3341 1099 3406; x_wconf 87' lang='lat' dir='ltr'><strong>frustra</strong></span> <span class='ocrx_word' id='word_1_252' title='bbox 1122 3343 1151 3405; x_wconf 95' lang='lat' dir='ltr'><strong>in</strong></span> <span class='ocrx_word' id='word_1_253' title='bbox 1178 3343 1225 3407; x_wconf 89' lang='lat' dir='ltr'><strong>his</strong></span> <span class='ocrx_word' id='word_1_254' title='bbox 1242 3347 1407 3429; x_wconf 87' lang='lat' dir='ltr'><strong>postremis</strong></span> 
     </span>
     <span class='ocr_line' id='line_1_31' title="bbox 281 3443 1406 3531; baseline 0.004 -23"><span class='ocrx_word' id='word_1_255' title='bbox 281 3445 437 3528; x_wconf 76' lang='lat' dir='ltr'><strong>capitibus</strong></span> <span class='ocrx_word' id='word_1_256' title='bbox 471 3465 602 3530; x_wconf 89' lang='lat' dir='ltr'><strong>quaeres</strong></span> <span class='ocrx_word' id='word_1_257' title='bbox 635 3445 752 3524; x_wconf 89' lang='lat' dir='ltr'><strong>looum,</strong></span> <span class='ocrx_word' id='word_1_258' title='bbox 785 3445 839 3509; x_wconf 91' lang='lat' dir='ltr'><strong>ubi</strong></span> <span class='ocrx_word' id='word_1_259' title='bbox 873 3450 950 3526; x_wconf 87' lang='lat' dir='ltr'><strong>agat</strong></span> <span class='ocrx_word' id='word_1_260' title='bbox 983 3443 1023 3508; x_wconf 90' lang='lat' dir='ltr'><strong>de</strong></span> <span class='ocrx_word' id='word_1_261' title='bbox 1055 3450 1197 3529; x_wconf 89' lang='lat' dir='ltr'><strong>tempora</strong></span> <span class='ocrx_word' id='word_1_262' title='bbox 1228 3448 1406 3531; x_wconf 89' lang='lat' dir='ltr'><strong>nuptiarum</strong></span> 
     </span>
     <span class='ocr_line' id='line_1_32' title="bbox 281 3546 1405 3634; baseline 0.004 -26"><span class='ocrx_word' id='word_1_263' title='bbox 281 3547 359 3634; x_wconf 78' lang='grc' dir='ltr'>(περὶ</span> <span class='ocrx_word' id='word_1_264' title='bbox 387 3547 465 3634; x_wconf 79' lang='grc' dir='ltr'><strong>ὥρας</strong></span> <span class='ocrx_word' id='word_1_265' title='bbox 492 3555 541 3612; x_wconf 80' lang='grc' dir='ltr'><strong>τοῦ</strong></span> <span class='ocrx_word' id='word_1_266' title='bbox 562 3549 678 3632; x_wconf 64' lang='grc' dir='ltr'><strong>γόμου).</strong></span> <span class='ocrx_word' id='word_1_267' title='bbox 724 3547 833 3612; x_wconf 86' lang='lat' dir='ltr'><strong>Statue</strong></span> <span class='ocrx_word' id='word_1_268' title='bbox 862 3566 987 3611; x_wconf 87' lang='lat' dir='ltr'><strong>meeum</strong></span> <span class='ocrx_word' id='word_1_269' title='bbox 1010 3546 1206 3612; x_wconf 88' lang='lat' dir='ltr'><strong>Clementem</strong></span> <span class='ocrx_word' id='word_1_270' title='bbox 1229 3567 1249 3612; x_wconf 93' lang='lat' dir='ltr'><strong>a</strong></span> <span class='ocrx_word' id='word_1_271' title='bbox 1271 3547 1405 3615; x_wconf 88' lang='lat' dir='ltr'><strong>Musunii</strong></span> 
     </span>
     <span class='ocr_line' id='line_1_33' title="bbox 280 3649 1405 3737; baseline 0.002 -22"><span class='ocrx_word' id='word_1_272' title='bbox 280 3652 382 3736; x_wconf 65' lang='grc' dir='ltr'><strong>Λόγοις</strong></span> <span class='ocrx_word' id='word_1_273' title='bbox 396 3651 547 3737; x_wconf 88' lang='lat' dir='ltr'><strong>pendere:</strong></span> <span class='ocrx_word' id='word_1_274' title='bbox 572 3652 658 3718; x_wconf 86' lang='lat' dir='ltr'><strong>olera</strong></span> <span class='ocrx_word' id='word_1_275' title='bbox 672 3651 743 3716; x_wconf 84' lang='lat' dir='ltr'><strong>luae</strong></span> <span class='ocrx_word' id='word_1_276' title='bbox 758 3669 839 3733; x_wconf 91' lang='lat' dir='ltr'><strong>quae</strong></span> <span class='ocrx_word' id='word_1_277' title='bbox 862 3654 959 3715; x_wconf 90' lang='lat' dir='ltr'><strong>antea</strong></span> <span class='ocrx_word' id='word_1_278' title='bbox 980 3649 1115 3714; x_wconf 86' lang='lat' dir='ltr'><strong>obseura</strong></span> <span class='ocrx_word' id='word_1_279' title='bbox 1137 3658 1228 3716; x_wconf 90' lang='lat' dir='ltr'><strong>erant</strong></span> <span class='ocrx_word' id='word_1_280' title='bbox 1247 3650 1405 3718; x_wconf 89' lang='lat' dir='ltr'><strong>illustran-</strong></span> 
     </span>
     <span class='ocr_line' id='line_1_34' title="bbox 279 3751 1405 3839; baseline -0.004 -17"><span class='ocrx_word' id='word_1_281' title='bbox 279 3761 338 3822; x_wconf 87' lang='lat' dir='ltr'><strong>tur.</strong></span> <span class='ocrx_word' id='word_1_282' title='bbox 383 3752 492 3838; x_wconf 89' lang='lat' dir='ltr'><strong>Neque</strong></span> <span class='ocrx_word' id='word_1_283' title='bbox 515 3755 600 3819; x_wconf 90' lang='lat' dir='ltr'><strong>enim</strong></span> <span class='ocrx_word' id='word_1_284' title='bbox 629 3753 708 3818; x_wconf 90' lang='lat' dir='ltr'><strong>haee</strong></span> <span class='ocrx_word' id='word_1_285' title='bbox 736 3751 853 3816; x_wconf 81' lang='lat' dir='ltr'><strong>uitandi</strong></span> <span class='ocrx_word' id='word_1_286' title='bbox 885 3752 965 3816; x_wconf 91' lang='lat' dir='ltr'><strong>ratio</strong></span> <span class='ocrx_word' id='word_1_287' title='bbox 994 3752 1129 3817; x_wconf 86' lang='lat' dir='ltr'><strong>obseura</strong></span> <span class='ocrx_word' id='word_1_288' title='bbox 1158 3765 1224 3818; x_wconf 90' lang='lat' dir='ltr'><strong>erat</strong></span> <span class='ocrx_word' id='word_1_289' title='bbox 1251 3755 1285 3818; x_wconf 90' lang='lat' dir='ltr'><strong>in</strong></span> <span class='ocrx_word' id='word_1_290' title='bbox 1307 3755 1405 3839; x_wconf 67' lang='lat' dir='ltr'><strong>Aeque</strong></span> 
     </span>
     <span class='ocr_line' id='line_1_35' title="bbox 280 3853 1406 3941; baseline 0.003 -19"><span class='ocrx_word' id='word_1_291' title='bbox 280 3857 425 3938; x_wconf 89' lang='lat' dir='ltr'><strong>Musonii,</strong></span> <span class='ocrx_word' id='word_1_292' title='bbox 449 3858 565 3941; x_wconf 89' lang='lat' dir='ltr'><strong>quippe</strong></span> <span class='ocrx_word' id='word_1_293' title='bbox 588 3857 639 3939; x_wconf 93' lang='lat' dir='ltr'><strong>qui</strong></span> <span class='ocrx_word' id='word_1_294' title='bbox 657 3876 752 3919; x_wconf 91' lang='lat' dir='ltr'><strong>unum</strong></span> <span class='ocrx_word' id='word_1_295' title='bbox 770 3861 865 3937; x_wconf 86' lang='lat' dir='ltr'><strong>eaput</strong></span> <span class='ocrx_word' id='word_1_296' title='bbox 880 3853 1181 3938; x_wconf 64' lang='lat' dir='ltr'><strong>appellasset&#39;rio&#39;qoo</strong></span> <span class='ocrx_word' id='word_1_297' title='bbox 1204 3862 1329 3940; x_wconf 65' lang='lat' dir='ltr'><strong>quprxo&#39;v.</strong></span> <span class='ocrx_word' id='word_1_298' title='bbox 1370 3859 1406 3925; x_wconf 82' lang='lat' dir='ltr'><strong>Et</strong></span> 
     </span>
     <span class='ocr_line' id='line_1_36' title="bbox 281 3955 1403 4045; baseline 0.003 -22"><span class='ocrx_word' id='word_1_299' title='bbox 281 3962 315 4024; x_wconf 94' lang='lat' dir='ltr'><strong>in</strong></span> <span class='ocrx_word' id='word_1_300' title='bbox 338 3959 398 4025; x_wconf 88' lang='lat' dir='ltr'><strong>hoo</strong></span> <span class='ocrx_word' id='word_1_301' title='bbox 420 3963 507 4024; x_wconf 89' lang='lat' dir='ltr'><strong>oerte</strong></span> <span class='ocrx_word' id='word_1_302' title='bbox 530 3958 634 4042; x_wconf 83' lang='lat' dir='ltr'><strong>eapite</strong></span> <span class='ocrx_word' id='word_1_303' title='bbox 657 3955 735 4020; x_wconf 89' lang='lat' dir='ltr'><strong>Mus.</strong></span> <span class='ocrx_word' id='word_1_304' title='bbox 761 3957 858 4020; x_wconf 92' lang='lat' dir='ltr'><strong>etiam</strong></span> <span class='ocrx_word' id='word_1_305' title='bbox 882 3955 922 4020; x_wconf 89' lang='lat' dir='ltr'><strong>de</strong></span> <span class='ocrx_word' id='word_1_306' title='bbox 938 3955 1076 4022; x_wconf 91' lang='lat' dir='ltr'><strong>nubendi</strong></span> <span class='ocrx_word' id='word_1_307' title='bbox 1093 3969 1236 4043; x_wconf 88' lang='lat' dir='ltr'><strong>tempore</strong></span> <span class='ocrx_word' id='word_1_308' title='bbox 1252 3962 1403 4045; x_wconf 86' lang='lat' dir='ltr'><strong>quaedam</strong></span> 
     </span>
     <span class='ocr_line' id='line_1_37' title="bbox 281 4051 1157 4146; baseline -0.002 -20"><span class='ocrx_word' id='word_1_309' title='bbox 281 4051 464 4146; x_wconf 85' lang='lat' dir='ltr'><strong>protulerat,</strong></span> <span class='ocrx_word' id='word_1_310' title='bbox 488 4079 568 4143; x_wconf 90' lang='lat' dir='ltr'><strong>quae</strong></span> <span class='ocrx_word' id='word_1_311' title='bbox 591 4058 691 4124; x_wconf 87' lang='lat' dir='ltr'><strong>Ciem.</strong></span> <span class='ocrx_word' id='word_1_312' title='bbox 714 4057 829 4122; x_wconf 90' lang='lat' dir='ltr'><strong>oblitus</strong></span> <span class='ocrx_word' id='word_1_313' title='bbox 853 4068 901 4123; x_wconf 87' lang='lat' dir='ltr'><strong>est</strong></span> <span class='ocrx_word' id='word_1_314' title='bbox 923 4060 1157 4124; x_wconf 88' lang='lat' dir='ltr'><strong>transsoribere.</strong></span> 
     </span>
    </p>

    <p class='ocr_par' dir='ltr' id='par_1_5' title="bbox 364 4159 1404 4248">
     <span class='ocr_line' id='line_1_38' title="bbox 364 4159 1404 4248; baseline 0.005 -21"><span class='ocrx_word' id='word_1_315' title='bbox 364 4163 453 4228; x_wconf 81' lang='lat' dir='ltr'><strong>Alter</strong></span> <span class='ocrx_word' id='word_1_316' title='bbox 479 4162 567 4226; x_wconf 75' lang='lat' dir='ltr'><strong>loeus</strong></span> <span class='ocrx_word' id='word_1_317' title='bbox 595 4168 699 4226; x_wconf 83' lang='lat' dir='ltr'><strong>exstat</strong></span> <span class='ocrx_word' id='word_1_318' title='bbox 725 4159 761 4240; x_wconf 88' lang='lat' dir='ltr'><strong>ll,</strong></span> <span class='ocrx_word' id='word_1_319' title='bbox 789 4161 832 4222; x_wconf 90' lang='grc'><strong>94</strong></span> <span class='ocrx_word' id='word_1_320' title='bbox 857 4181 886 4244; x_wconf 91' lang='lat' dir='ltr'><strong>p.</strong></span> <span class='ocrx_word' id='word_1_321' title='bbox 910 4161 974 4223; x_wconf 80' lang='lat'><strong>226</strong></span> <span class='ocrx_word' id='word_1_322' title='bbox 996 4160 1045 4226; x_wconf 91' lang='lat' dir='ltr'><strong>P.:</strong></span> <span class='ocrx_word' id='word_1_323' title='bbox 1077 4165 1207 4227; x_wconf 70' lang='grc' dir='ltr'><strong>καθόλου</strong></span> <span class='ocrx_word' id='word_1_324' title='bbox 1235 4165 1287 4248; x_wconf 82' lang='grc' dir='ltr'><strong>μὲν</strong></span> <span class='ocrx_word' id='word_1_325' title='bbox 1313 4167 1361 4232; x_wconf 83' lang='grc' dir='ltr'><strong>οὖν</strong></span> <span class='ocrx_word' id='word_1_326' title='bbox 1384 4172 1404 4232; x_wconf 79' lang='grc' dir='ltr'><strong>εἰ</strong></span> 
     </span>
    </p>
   </div>
   <div class='ocr_carea' id='block_1_3' title="bbox 0 0 1444 4734">
    <p class='ocr_par' dir='ltr' id='par_1_6' title="bbox 0 0 1444 4734">
     <span class='ocr_line' id='line_1_39' title="bbox 0 0 1444 4734; baseline 0 1"><span class='ocrx_word' id='word_1_327' title='bbox 0 0 1444 4734; x_wconf 95' lang='lat' dir='ltr'><strong> </strong></span> 
     </span>
    </p>
   </div>
  </div>
 </body>
</html>
